4756 6194
886 577 943 642 EN
963 576 1026 644 ΤΩ
1047 576 1239 644 ΖΑΧΑΡΙΑ.

348 707 390 770 Α.
422 706 556 790 Τέσσαρα
577 708 681 788 κέρατα
703 713 848 791 δηλοῦνται
869 710 1100 791 διασκορπιῖοντα
1123 706 1174 773 τὸν
1190 707 1297 773 Ἰούδαν
1318 705 1365 772 καί
1386 707 1435 775 τὸν
1452 708 1574 792 Ἰσραῆλ·
1596 712 1688 774 ταῦτα
1710 710 1743 774 δέ
1761 711 1834 776 ε’στιν
1856 713 1887 773 αί

244 833 375 916 τέσσαρες
392 839 541 916 βασιλεῖαι,
560 834 589 898 έν
609 834 656 907 αίς
673 831 720 898 καί
738 833 914 918 ῆῬαμαῦιῆ.
933 839 1108 918 θεωροῦνται
1125 831 1173 898 καί
1190 835 1323 917 τεύσαρες
1341 837 1464 909 τέκτονες
1485 833 1696 918 περικόπτοντες
1709 835 1747 902 τά
1761 838 1886 921 τέσσαρα

243 961 361 1043 κέρατα,
381 959 401 1025 ἀ
418 962 488 1044 λέγει
508 962 577 1043 ἔθνη
596 961 748 1042 έπαίροντα
766 963 849 1044 κέρας
863 961 908 1027 ἐπὶ
927 961 977 1046 τῆν
990 965 1040 1046 γῆν
1053 963 1145 1044 κυρίου
1159 966 1208 1027 τοῦ
1223 964 1417 1045 διασκορπίσαι
1431 962 1523 1046 αύτῆν.
1546 962 1692 1029 ἀπόκειται
1706 962 1764 1048 άρα
1778 962 1825 1028 καὶ
1839 968 1888 1047 τῆς

244 1085 378 1171 τετάρτης
386 1091 529 1172 βασιλείας
542 1088 708 1172 περιαίρεσις
722 1087 768 1153 διά
781 1087 831 1171 τῆν
846 1089 956 1154 ἀδικιάν
969 1088 1019 1172 τῆν
1032 1087 1107 1153 κατά
1116 1088 1233 1173 Ἰσραήλ,
1249 1086 1322 1155 ὥστε
1332 1086 1409 1155 ούπω
1418 1090 1535 1174 Ἰσραῆλ
1549 1092 1587 1164 εἰς
1602 1090 1805 1175 ἀνεπίστροφον
1819 1092 1888 1157 ἀπο

244 1214 328 1300 βολῆν
347 1215 548 1300 άποβεβληται,
569 1214 637 1299 ύπὲρ
657 1210 689 1281 ού
708 1218 824 1298 τιμωρία
844 1216 1021 1299 προόρισται.
1044 1215 1102 1280 άπὸ
1122 1220 1171 1281 τοῦ
1185 1215 1247 1280 Καὶ
1265 1211 1319 1300 ῆρα
1337 1217 1401 1290 τούς
1419 1216 1586 1300 ὀφθαλμούς
1606 1245 1659 1300 μου
1672 1216 1720 1283 καὶ
1734 1219 1818 1293 εἶδον,
1840 1216 1887 1283 καὶ

246 1341 304 1408 ἰδοῦ
317 1345 443 1426 τέσσαρα
457 1343 575 1424 κέρατα,
591 1342 644 1417 ἕως
657 1348 706 1409 τοῦ
724 1341 766 1409 Τὸ
782 1342 960 1426 ἐπαράμενοι
975 1344 1057 1425 κέρας
1071 1339 1116 1407 ἐπὶ
1130 1341 1180 1426 τῆν
1194 1347 1243 1426 γῆν
1256 1346 1349 1426 κυρίου
1362 1349 1412 1409 τοῦ
1426 1345 1621 1426 διασκορπίσαι
1635 1344 1727 1428 αύτῆι.

350 1477 388 1534 Β.
408 1470 586 1554 Ἀτειχιστως
599 1470 870 1553 καταποθήσεσθαι
881 1469 1065 1553 Ἰερουσαλὴμ
1078 1469 1094 1534 ὁ
1109 1467 1223 1553 άγγελος
1236 1472 1373 1554 προλέγει,
1391 1481 1481 1554 τεῖχος
1495 1467 1524 1534 δὲ
1539 1469 1608 1548 ε’ξειν
1619 1472 1669 1537 τὸν
1683 1472 1765 1546 θεόν,
1784 1469 1832 1537 καί
1849 1473 1889 1546 είς

246 1597 332 1673 δόξαν
350 1594 419 1662 όιτα
439 1597 467 1661 ἐν
484 1599 559 1679 μέσῳ
579 1598 671 1682 αι’πῆς.
694 1595 757 1664 ούτε
776 1595 857 1664 δὲτὸ
880 1597 1034 1681 ἀτείχιστον
1057 1597 1178 1680 γέγονεν·
1201 1601 1362 1681 τετείχισται
1383 1597 1448 1681 γάρ·
1469 1595 1531 1662 οῦτε
1551 1596 1568 1681 ῆ
1589 1601 1660 1664 θεοῦ
1680 1600 1837 1682 κατοίκησις
1859 1600 1888 1664 έν

247 1724 352 1797 αύτοῖς,
375 1725 402 1789 οἳ
419 1725 529 1807 ἔμελλον
546 1735 757 1809 χριστοκτονεΐν,
780 1722 827 1789 καὶ
849 1723 935 1797 είθύς
958 1720 988 1788 δὲ
1006 1724 1036 1800 ἐξ
1054 1723 1141 1807 ἀρχῆς
1157 1722 1273 1807 ἠμέλουν
1293 1720 1379 1808 (eod.
1400 1721 1543 1809 ῆμελλουν)
1563 1729 1621 1791 τῶν
1637 1726 1729 1809 νόμων
1746 1723 1794 1791 καί
1812 1726 1888 1791 δεινά

246 1851 395 1934 ἔπρασσον.
415 1851 533 1919 ἀπὸτοῦ
543 1850 605 1916 Καὶ
620 1851 679 1917 ἰδού
694 1851 808 1937 ἀγγελος
822 1851 837 1916 ὁ
852 1856 945 1916 λαλιῦυ
957 1851 986 1915 έν
996 1849 1055 1934 έμού
1066 1848 1178 1935 ίστῆκεκ,
1194 1852 1246 1924 ἕως
1255 1855 1305 1916 τοῦ
1315 1848 1378 1915 Καὶ
1386 1853 1424 1925 εἰς
1435 1851 1521 1929 δόξαν
1531 1851 1629 1934 ἔσομαι
1638 1853 1677 1926 είς
1690 1855 1773 1935 μέσον
1787 1852 1887 1918 αύτάν.

353 1985 389 2043 Γ.
410 1979 456 2044 Ἐκ
470 1984 527 2043 τοῦν
541 1979 685 2062 τεσσάρων
702 1979 810 2063 ἀνίμων
823 1984 872 2045 τοῦ
891 1979 1009 2061 ούρανοῦ
1027 1975 1110 2061 φησίν
1128 1979 1255 2056 συνάξειν
1271 1976 1371 2050 αὐτούς
1389 1979 1427 2051 είς
1441 1976 1532 2054 Σκύν,
1554 1978 1669 2044 κελεύων
1688 1979 1889 2056 ἀνασώζεσθαι

246 2108 310 2179 τούς
329 2110 527 2179 κατοικοῦντας
540 2110 711 2191 Βαβυλῶνα.
730 2104 792 2172 ούτε
811 2103 841 2170 δὲ
857 2107 885 2172 οί
902 2107 930 2172 ἰν
944 2109 1096 2190 Βαβυλῶνι
1109 2105 1214 2179 πάντες
1228 2105 1404 2189 ἐπανῆλθον,
1423 2104 1486 2171 οῦτε
1499 2107 1529 2170 έκ
1543 2111 1600 2171 τάν
1614 2106 1758 2189 τεσσάρων
1772 2107 1888 2190 ἀνίμων.

247 2234 305 2300 ἀπὸ
319 2238 369 2300 τοῦ
378 2233 417 2298 Ὦ
431 2231 455 2297 ιδ
469 2232 581 2317 φεύγετε
595 2232 654 2299 ἀπὸ
667 2235 717 2316 τῆς
729 2237 831 2318 βορρᾶ,
847 2234 899 2307 ἕως
912 2237 962 2298 τοῦ
979 2234 1016 2298 Οἱ
1029 2237 1219 2306 κατοικοῦντες
1232 2233 1378 2317 θυγατέρα
1392 2237 1572 2317 Βαβυλῶνος.

352 2367 388 2426 Δ.
412 2360 496 2426 Μετά
512 2358 561 2445 τῆν
575 2360 670 2436 δόξαν,
684 2362 775 2444 φησίν,
790 2360 807 2427 ὁ
822 2359 935 2445 άγγελος
949 2360 1121 2425 άπεύταλκέν
1134 2386 1167 2442 με
1182 2357 1227 2424 ε’πὶ
1240 2359 1278 2425 τά
1293 2360 1363 2442 ἔθνη
1377 2359 1415 2424 τά
1428 2361 1616 2425 σκυλεύσαντα
1629 2359 1713 2442 ῦμάς,
1732 2358 1779 2424 καὶ
1794 2359 1889 2444 ἐπάγει

247 2485 289 2554 ὅτι
303 2489 414 2554 ἔσονται
427 2492 515 2554 σκῦλα
528 2498 587 2561 τοῖς
608 2487 784 2556 δουλεύσασιν
803 2487 904 2561 αύτοῖς.
926 2489 1027 2570 ζητεῖτε
1042 2484 1169 2572 (potius
1190 2482 1343 2573 ζητεῖταιλ)
1364 2482 1412 2552 οῦν
1430 2486 1468 2551 τά
1486 2487 1561 2554 κατά
1582 2491 1639 2552 τάν
1659 2487 1765 2552 ε’θνάν·
1785 2488 1817 2553 ού
1835 2487 1889 2571 γάρ

247 2614 427 2700 πεπλήρωται
439 2613 510 2696 μετά
525 2614 574 2699 τῆν
588 2617 730 2700 γενομένην
743 2615 834 2699 ὀλίγην
849 2615 934 2691 δόξαν
952 2618 1002 2680 τοῦ
1018 2613 1142 2697 Ἰσραῆλ
1167 2614 1225 2681 ἀπὸ
1243 2620 1293 2680 τοῦ
1310 2613 1390 2680 Διότι
1408 2612 1476 2680 τάδε
1492 2616 1561 2698 λίγα
1577 2616 1668 2697 κύριος
1685 2616 1889 2698 παντοκράτωρ

246 2741 353 2808 Ὀπίσω
365 2741 447 2823 δόξης
459 2741 631 2807 ἀπέσταλκέν
644 2768 678 2824 με
693 2740 737 2806 ε’πὶ
752 2742 790 2806 τά
805 2742 887 2824 ἔθνη,
903 2741 954 2815 ἕως
968 2746 1017 2807 τοῦ
1031 2739 1093 2806 Καὶ
1107 2742 1251 2826 γνώσεσθε
1264 2737 1307 2807 ύτι
1321 2741 1411 2825 κύρως
1424 2742 1626 2826 παντοκράτωρ
1640 2743 1812 2809 άπάιταλκέν
1825 2769 1866 2825 με.

353 2877 386 2933 Ε.
407 2869 484 2935 Ἰδού
497 2869 563 2953 έγοό,
578 2871 673 2952 φησίν,
694 2869 808 2952 ἔρχομαι
821 2865 868 2933 καὶ
882 2868 1090 2951 κατασκηνοίσω
1105 2870 1134 2933 ἐν
1147 2870 1222 2951 μέσῳ
1236 2895 1299 2944 σου,
1317 2870 1385 2953 λέγει
1399 2869 1501 2953 κύρως,
1520 2867 1567 2933 καὶ
1581 2870 1804 2953 καταφεύξονται
1818 2871 1887 2954 όθνη

248 2995 339 3061 πολλά
354 2992 399 3060 ε’πύ
412 2994 462 3061 τὸν
476 2996 566 3078 κόριον
580 2998 609 3061 έν
622 3001 656 3078 τῆ
671 2994 758 3080 ῆμέρρι
773 2998 867 3078 ἐκείνη.
888 2997 927 3060 ἔτι
940 2993 988 3060 καί
1002 3001 1093 3061 ταῦτα
1108 2995 1269 3080 άπλῆρωτα.
1289 2996 1453 3080 ἐπολέμησεν
1470 2997 1524 3081 γάρ
1542 3006 1601 3069 τοῖς
1614 2997 1801 3080 Ἰσραηλίταις
1818 2999 1889 3081 μετά

248 3125 296 3208 τῆν
316 3123 452 3188 ἐπάνοδον
471 3124 508 3188 τά
526 3124 608 3207 ἔθνη,
629 3120 676 3187 καὶ
695 3124 727 3188 ού
741 3126 910 3208 προσεφυγεν
925 3124 1031 3198 αὐτοῖς·
1055 3122 1118 3188 οῦδὲ
1132 3124 1202 3196 θεὸς
1215 3126 1244 3188 ἐν
1256 3126 1331 3206 με’σφ
1346 3124 1439 3188 αύτάν
1453 3125 1631 3208 προεγνωκὼς
1645 3124 1678 3208 ῆν
1692 3127 1801 3208 ἔμελλον
1815 3125 1891 3211 ε’ργά·

248 3263 360 3316 σασθαι
378 3253 505 3334 μεγίστην
525 3251 661 3336 ἀσεβειαν.
684 3251 743 3316 ἀπὸ
762 3255 811 3315 τοῦ
830 3253 939 3334 Τέρπου
958 3248 1005 3315 καί
1025 3250 1172 3335 εὐφραίνου
1190 3249 1315 3334 θύγατερ
1329 3250 1417 3327 Σιών,
1436 3252 1489 3324 ἕως
1507 3255 1556 3315 τοῦ
1575 3251 1655 3317 Διότι
1674 3252 1892 3337 εξεγηγερτωέκ

249 3382 368 3462 νεφελῶν
382 3375 469 3461 ἀγίων
485 3377 579 3443 αὐτοῦ.

355 3507 389 3578 S.
405 3506 503 3569 Λίθον
518 3504 706 3590 ἀλληγορῆσας
719 3506 768 3571 τὸν
782 3505 871 3587 κύριον
885 3506 1047 3590 ὀφθαλςωῖς
1060 3504 1133 3570 ἑπτά
1148 3506 1357 3588 κεκοσμημεύον,
1372 3502 1471 3589 άφεσιν
1485 3505 1603 3570 ἔσεσθαι
1616 3510 1672 3568 τών
1686 3503 1829 3589 ἀμαρτιοῦν
1843 3512 1893 3589 τῆς

250 3636 297 3715 γῆς
312 3632 413 3713 ἐκείνης
426 3631 468 3695 ἐπ’
485 3631 588 3706 αύτούς
602 3632 788 3716 προαγορεύει,
801 3631 861 3716 ῆτις
874 3635 903 3697 έν
917 3636 957 3713 τῆ
971 3632 1062 3697 πείθει
1076 3634 1191 3717 γέγονεν,
1206 3630 1252 3696 καὶ
1267 3631 1425 3696 ἀνάπαυσιν
1439 3634 1488 3694 τοῦ
1501 3631 1610 3714 Ἰσραὴλ
1622 3629 1755 3696 ῦποκάτω
1769 3633 1893 3714 ἀμπελου

249 3755 297 3822 καὶ
311 3757 444 3822 ύποκάτω
458 3763 542 3841 συκῆς
556 3759 650 3824 αύτοῦ.
664 3760 701 3825 τά
716 3761 829 3824 ἐναντία
843 3759 873 3825 δὲ
886 3764 934 3823 νῦν
949 3759 1130 3844 ἀποβέβηκεν·
1155 3757 1323 3840 αἰχμάλωτοι
1337 3757 1389 3842 γάρ
1406 3759 1473 3824 εἰσιν
1490 3756 1561 3839 μετὰ
1581 3758 1613 3822 τὸ
1632 3758 1743 3835 πάθος,
1765 3757 1836 3825 ὥστε
1853 3761 1894 3834 είς

248 3888 349 3951 ἐλπίδα
363 3890 446 3950 τοῦτο
464 3885 618 3951 ἀπόκειται.
640 3887 699 3951 ἀπὸ
717 3890 768 3951 τοῦ
781 3886 884 3950 Ἀκουε
903 3885 936 3970 δὴ
953 3887 1042 3969 Ἰησοῦ
1060 3885 1144 3969 ἱερεύς
1161 3883 1178 3949 ὁ
1197 3887 1295 3969 μέγας,
1316 3886 1368 3958 ἕως
1388 3888 1437 3948 τοῦ
1449 3882 1602 3950 Ὑποκάτω
1621 3885 1745 3967 ἀμπελου
1763 3884 1811 3951 καί
1828 3885 1894 3953 ύπο

249 4013 326 4077 κάτω
339 4017 431 4096 συκῆς.

354 4146 388 4204 Z.
411 4137 483 4223 Περὶ
502 4144 551 4223 τῆς
569 4139 752 4222 πανταχόθεν
770 4139 907 4205 ἐπανόδου
920 4144 970 4203 τοῦ
982 4140 1093 4224 Ἰσραὴλ
1106 4136 1152 4204 καὶ
1168 4139 1294 4222 ἀληθοῦς
1308 4139 1378 4221 πρὸς
1391 4139 1462 4205 θεὸν
1476 4139 1648 4216 οίκειοίσεως,
1666 4139 1745 4204 ὂνῦν
1758 4140 1808 4206 ούκ
1822 4142 1894 4206 ἔστιν

249 4266 312 4332 οῦδὲ
333 4270 450 4351 γίγονεν·
474 4266 545 4332 ὅπου
562 4267 596 4333 τὸ
612 4266 684 4331 Ἰδού
702 4267 755 4351 ε’γώ
773 4266 854 4341 σιύζω
869 4267 917 4331 τὸν
931 4266 999 4331 λαόν
1013 4293 1066 4348 μου
1080 4267 1139 4331 ἀπὸ
1153 4271 1201 4352 γῆς
1215 4267 1360 4332 άνατολιῦν
1381 4262 1428 4331 καὶ
1442 4266 1501 4332 άπὸ
1520 4272 1568 4351 γῆς
1586 4272 1707 4349 δυσμῶν,
1726 4263 1773 4332 καί
1791 4267 1894 4345 εἰσάξω

250 4395 351 4469 αύτούς
365 4392 412 4459 καὶ
426 4393 632 4477 κατασκηνάσω
647 4395 676 4457 ἐν
689 4397 764 4475 μέσῳ
776 4391 963 4478 Ἰερουσαλήμ,
985 4389 1032 4457 καί
1047 4395 1145 4477 ἔσομαι
1159 4394 1253 4468 αὐτοῖς
1267 4395 1306 4468 είς
1320 4395 1403 4471 θεόν,
1427 4391 1474 4459 καὶ
1489 4391 1566 4458 αὐτοὶ
1581 4395 1750 4476 ἕσονταίμοι
1767 4395 1808 4468 είς
1825 4394 1895 4461 λαδν

250 4525 278 4586 ἐν
293 4518 477 4606 ἀληθείᾳκαὶ
492 4523 521 4586 ἐν
536 4521 700 4603 δικαιοσύνη.
715 4521 837 4587 ἀπὸτοῦ
856 4519 933 4585 Τάδε
946 4522 1015 4605 λέγει
1029 4520 1119 4604 πόριος
1136 4521 1338 4604 παντοκράτωρ
1350 4523 1421 4586 Ἰδοὺ
1440 4521 1493 4605 ἐγὼ
1511 4521 1593 4596 σιόζω
1612 4522 1660 4586 τὸν
1678 4521 1747 4586 λαόν
1765 4547 1818 4602 μου
1836 4521 1895 4587 ἀπὸ

251 4653 298 4732 γῆς
313 4650 469 4725 άνατολιῦν,
484 4649 537 4721 ἕως
550 4652 599 4713 τοῦ
611 4649 657 4713 Ἐν
672 4649 795 4733 ἀληθεία
809 4644 857 4712 καὶ
871 4650 900 4713 έν
915 4648 1078 4730 δικαιοσύνη.

356 4784 397 4840 Η.
419 4777 585 4860 ΙΙροφητεία
598 4780 750 4859 συνδρομῆς
764 4778 857 4841 ε’θνοῦν
871 4772 1155 4859 εις“1ερουστλ.“ημε’νιὶ
1169 4777 1284 4859 λατρεία
1298 4779 1370 4840 θεοῦ
1383 4771 1431 4839 καὶ
1446 4776 1514 4839 δέκα
1528 4775 1637 4857 ἀνδρῶν
1651 4775 1712 4848 ἑνὸς
1727 4774 1893 4860 ἀντιλαμβα-

251 4905 370 4984 νομένων
383 4903 550 4987 Ἰσραηλίτου
569 4903 639 4987 πρὸς
658 4902 844 4986 ἀκολούθησα
863 4899 910 4967 καί
928 4903 1073 4988 στηριγμδν
1089 4897 1175 4984 (eod.
1190 4897 1350 4986 στηριγμοῦ)
1371 4905 1420 4965 τοῦ
1439 4899 1515 4967 σίκου
1533 4898 1581 4966 καί
1599 4900 1768 4986 ἀνεπιβάτου
1786 4906 1835 4986 γῆς
1848 4899 1896 4968 καί

250 5035 300 5095 τοῦ
319 5035 389 5095 λαοῦ
407 5033 500 5113 μηκέτι
519 5032 779 5114 εξιλωθησομεύω.
805 5029 926 5095 ἀπὸτοῦ
945 5030 1022 5095 Τάδε
1035 5032 1103 5114 λέγει
1118 5028 1207 5111 κύρως
1220 5026 1423 5111 παντοκράτωρ
1431 5028 1491 5093 'Eu
1508 5026 1617 5112 ἥξουσιν
1635 5025 1699 5093 λαοί
1716 5031 1825 5106 πολλοί,
1845 5031 1897 5104 ἕως

251 5163 301 5221 τοῦ
316 5158 395 5221 Λιότι
409 5162 457 5221 νῦν
471 5157 576 5242 ἑόρακα
590 5168 648 5231 τοῖς
658 5159 820 5242 ὀφθαλμωῑς
833 5183 894 5238 μου.

1546 5294 1595 5340 w
