<?xml version="1.0" encoding="UTF-8"?>
<!DOCTYPE html PUBLIC "-//W3C//DTD XHTML 1.0 Transitional//EN"
    "http://www.w3.org/TR/xhtml1/DTD/xhtml1-transitional.dtd">
<html xmlns="http://www.w3.org/1999/xhtml" xml:lang="en" lang="en">
 <head>
  <title>
</title>
<meta http-equiv="Content-Type" content="text/html;charset=utf-8" />
  <meta name='ocr-system' content='tesseract 3.04.00' />
  <meta name='ocr-capabilities' content='ocr_page ocr_carea ocr_par ocr_line ocrx_word'/>
</head>
<body>
  <div class='ocr_page' id='page_1' title='image "anecdotasacraet00tiscgoog_0116.png"; bbox 0 0 4756 6194; ppageno 0'>
   <div class='ocr_carea' id='block_1_1' title="bbox 1841 379 1958 443">
    <p class='ocr_par' dir='ltr' id='par_1_1' title="bbox 1841 379 1958 443">
     <span class='ocr_line' id='line_1_1' title="bbox 1841 379 1958 443; baseline 0 0"><span class='ocrx_word' id='word_1_1' title='bbox 1841 379 1958 443; x_wconf 51' lang='lat'><em>971</em></span> 
     </span>
    </p>
   </div>
   <div class='ocr_carea' id='block_1_2' title="bbox 240 581 1903 3609">
    <p class='ocr_par' dir='ltr' id='par_1_2' title="bbox 240 581 1888 1066">
     <span class='ocr_line' id='line_1_2' title="bbox 240 581 1885 686; baseline -0.012 -20"><span class='ocrx_word' id='word_1_2' title='bbox 240 602 293 686; x_wconf 81' lang='grc' dir='ltr'><em>ε’γώ</em></span> <span class='ocrx_word' id='word_1_3' title='bbox 307 601 344 685; x_wconf 86' lang='grc' dir='ltr'><em>μή</em></span> <span class='ocrx_word' id='word_1_4' title='bbox 359 598 445 665; x_wconf 86' lang='grc' dir='ltr'><em>αῦτὸν</em></span> <span class='ocrx_word' id='word_1_5' title='bbox 460 599 530 663; x_wconf 78' lang='grc' dir='ltr'><em>εἶναι</em></span> <span class='ocrx_word' id='word_1_6' title='bbox 543 598 592 665; x_wconf 80' lang='grc' dir='ltr'><em>τὸν</em></span> <span class='ocrx_word' id='word_1_7' title='bbox 607 597 754 664; x_wconf 80' lang='grc' dir='ltr'><em>ἀνώτατον</em></span> <span class='ocrx_word' id='word_1_8' title='bbox 768 593 815 660; x_wconf 84' lang='grc' dir='ltr'><em>καί</em></span> <span class='ocrx_word' id='word_1_9' title='bbox 829 595 1041 677; x_wconf 89' lang='grc' dir='ltr'><em>παντοδῦναμον</em></span> <span class='ocrx_word' id='word_1_10' title='bbox 1055 593 1138 666; x_wconf 86' lang='grc' dir='ltr'><em>θεόν,</em></span> <span class='ocrx_word' id='word_1_11' title='bbox 1159 591 1237 657; x_wconf 82' lang='grc' dir='ltr'><em>καθὸ</em></span> <span class='ocrx_word' id='word_1_12' title='bbox 1257 589 1455 674; x_wconf 82' lang='grc' dir='ltr'><em>οἰιιρόγνοιστός</em></span> <span class='ocrx_word' id='word_1_13' title='bbox 1474 584 1592 654; x_wconf 76' lang='grc' dir='ltr'><em>ἐστικαὶ</em></span> <span class='ocrx_word' id='word_1_14' title='bbox 1611 584 1710 669; x_wconf 81' lang='grc' dir='ltr'><em>ἀτελής</em></span> <span class='ocrx_word' id='word_1_15' title='bbox 1728 581 1775 649; x_wconf 94' lang='grc' dir='ltr'><em>καί</em></span> <span class='ocrx_word' id='word_1_16' title='bbox 1794 582 1885 666; x_wconf 86' lang='grc' dir='ltr'><em>ε’νδεής</em></span> 
     </span>
     <span class='ocr_line' id='line_1_3' title="bbox 240 713 1886 811; baseline -0.012 -17"><span class='ocrx_word' id='word_1_17' title='bbox 240 727 288 794; x_wconf 81' lang='grc' dir='ltr'><em>καί</em></span> <span class='ocrx_word' id='word_1_18' title='bbox 302 728 351 793; x_wconf 89' lang='grc' dir='ltr'><em>οῦκ</em></span> <span class='ocrx_word' id='word_1_19' title='bbox 366 725 481 811; x_wconf 81' lang='grc' dir='ltr'><em>ἀγαθὸς</em></span> <span class='ocrx_word' id='word_1_20' title='bbox 495 724 542 791; x_wconf 78' lang='grc' dir='ltr'><em>καὶ</em></span> <span class='ocrx_word' id='word_1_21' title='bbox 557 730 670 798; x_wconf 82' lang='grc' dir='ltr'><em>πολλοῖς</em></span> <span class='ocrx_word' id='word_1_22' title='bbox 683 722 859 805; x_wconf 74' lang='grc' dir='ltr'><strong><em>ὑποκείμενος</em></strong></span> <span class='ocrx_word' id='word_1_23' title='bbox 878 722 986 787; x_wconf 85' lang='grc' dir='ltr'><em>πάθεσι</em></span> <span class='ocrx_word' id='word_1_24' title='bbox 1005 720 1080 785; x_wconf 85' lang='grc' dir='ltr'><em>κατοὶ</em></span> <span class='ocrx_word' id='word_1_25' title='bbox 1099 719 1148 802; x_wconf 84' lang='grc' dir='ltr'><em>τήν</em></span> <span class='ocrx_word' id='word_1_26' title='bbox 1167 719 1299 803; x_wconf 88' lang='grc' dir='ltr'><em>ῦμετίραν</em></span> <span class='ocrx_word' id='word_1_27' title='bbox 1318 717 1438 802; x_wconf 90' lang='grc' dir='ltr'><em>γραφήν,</em></span> <span class='ocrx_word' id='word_1_28' title='bbox 1461 717 1553 798; x_wconf 82' lang='grc' dir='ltr'><em>ἕτερος</em></span> <span class='ocrx_word' id='word_1_29' title='bbox 1570 714 1685 786; x_wconf 90' lang='grc' dir='ltr'><em>πάντως</em></span> <span class='ocrx_word' id='word_1_30' title='bbox 1702 713 1886 792; x_wconf 74' lang='grc' dir='ltr'><em>περιλειπεται</em></span> 
     </span>
     <span class='ocr_line' id='line_1_4' title="bbox 240 834 1888 940; baseline -0.012 -18"><span class='ocrx_word' id='word_1_31' title='bbox 240 855 458 940; x_wconf 84' lang='grc' dir='ltr'><em>προγνωστικός,</em></span> <span class='ocrx_word' id='word_1_32' title='bbox 473 853 586 926; x_wconf 74' lang='grc' dir='ltr'><em>τέλειος,</em></span> <span class='ocrx_word' id='word_1_33' title='bbox 603 851 742 934; x_wconf 85' lang='grc' dir='ltr'><em>οἰνενδεής,</em></span> <span class='ocrx_word' id='word_1_34' title='bbox 759 848 885 934; x_wconf 81' lang='grc' dir='ltr'><em>ἀγαθός,</em></span> <span class='ocrx_word' id='word_1_35' title='bbox 906 846 953 913; x_wconf 85' lang='grc' dir='ltr'><em>καί</em></span> <span class='ocrx_word' id='word_1_36' title='bbox 967 847 1075 921; x_wconf 90' lang='grc' dir='ltr'><em>παντὸς</em></span> <span class='ocrx_word' id='word_1_37' title='bbox 1088 846 1205 920; x_wconf 79' lang='grc' dir='ltr'><em>πάθαις</em></span> <span class='ocrx_word' id='word_1_38' title='bbox 1220 846 1436 929; x_wconf 70' lang='grc' dir='ltr'><em>ἀπηλλαγμένος.</em></span> <span class='ocrx_word' id='word_1_39' title='bbox 1459 842 1491 910; x_wconf 84' lang='grc' dir='ltr'><em>ὃν</em></span> <span class='ocrx_word' id='word_1_40' title='bbox 1505 840 1534 907; x_wconf 76' lang='grc' dir='ltr'><em>δὲ</em></span> <span class='ocrx_word' id='word_1_41' title='bbox 1548 842 1582 908; x_wconf 85' lang='grc' dir='ltr'><em>σῦ</em></span> <span class='ocrx_word' id='word_1_42' title='bbox 1596 840 1651 926; x_wconf 80' lang='grc' dir='ltr'><em>φής</em></span> <span class='ocrx_word' id='word_1_43' title='bbox 1664 838 1824 923; x_wconf 66' lang='grc' dir='ltr'><em>δημιουργὸν</em></span> <span class='ocrx_word' id='word_1_44' title='bbox 1839 834 1888 903; x_wconf 81' lang='grc' dir='ltr'><em>καί</em></span> 
     </span>
     <span class='ocr_line' id='line_1_5' title="bbox 241 976 944 1066; baseline -0.011 -18"><span class='ocrx_word' id='word_1_45' title='bbox 241 983 389 1066; x_wconf 85' lang='grc' dir='ltr'><em>ῦπίρθεον,</em></span> <span class='ocrx_word' id='word_1_46' title='bbox 404 992 463 1054; x_wconf 86' lang='grc' dir='ltr'><em>τοῖς</em></span> <span class='ocrx_word' id='word_1_47' title='bbox 477 981 610 1053; x_wconf 70' lang='grc' dir='ltr'><em>ε’ναντιῦις</em></span> <span class='ocrx_word' id='word_1_48' title='bbox 625 979 807 1061; x_wconf 78' lang='grc' dir='ltr'><em>ἀντικείμενος</em></span> <span class='ocrx_word' id='word_1_49' title='bbox 820 976 944 1059; x_wconf 79' lang='grc' dir='ltr'><em>ὑπάρχει</em></span> 
     </span>
    </p>

    <p class='ocr_par' dir='ltr' id='par_1_3' title="bbox 243 1092 1889 1572">
     <span class='ocr_line' id='line_1_6' title="bbox 348 1092 1889 1191; baseline -0.012 -16"><span class='ocrx_word' id='word_1_50' title='bbox 348 1109 464 1175; x_wconf 84' lang='grc' dir='ltr'><em>Αῦτίκα</em></span> <span class='ocrx_word' id='word_1_51' title='bbox 483 1113 547 1191; x_wconf 84' lang='grc' dir='ltr'><em>γοῦν</em></span> <span class='ocrx_word' id='word_1_52' title='bbox 566 1105 582 1174; x_wconf 84' lang='grc' dir='ltr'><strong>ὁ</strong></span> <span class='ocrx_word' id='word_1_53' title='bbox 596 1106 665 1171; x_wconf 84' lang='grc' dir='ltr'><em>καθ’</em></span> <span class='ocrx_word' id='word_1_54' title='bbox 683 1105 812 1188; x_wconf 87' lang='grc' dir='ltr'><em>ὁμοίωσιν</em></span> <span class='ocrx_word' id='word_1_55' title='bbox 821 1101 845 1188; x_wconf 86' lang='grc'><em>1)</em></span> <span class='ocrx_word' id='word_1_56' title='bbox 862 1145 870 1154; x_wconf 95' lang='grc'><strong>-</strong></span> <span class='ocrx_word' id='word_1_57' title='bbox 886 1144 895 1153; x_wconf 91' lang='grc'><strong>-</strong></span> <span class='ocrx_word' id='word_1_58' title='bbox 910 1103 1031 1183; x_wconf 77' lang='grc' dir='ltr'><em>θανάτῳ</em></span> <span class='ocrx_word' id='word_1_59' title='bbox 1046 1101 1284 1178; x_wconf 82' lang='grc' dir='ltr'><em>καταδικάζεται·</em></span> <span class='ocrx_word' id='word_1_60' title='bbox 1299 1142 1307 1151; x_wconf 95' lang='grc'><strong>-</strong></span> <span class='ocrx_word' id='word_1_61' title='bbox 1323 1098 1380 1165; x_wconf 83' lang='grc' dir='ltr'><em>ε’πεί</em></span> <span class='ocrx_word' id='word_1_62' title='bbox 1394 1100 1430 1183; x_wconf 88' lang='grc' dir='ltr'><em>μή</em></span> <span class='ocrx_word' id='word_1_63' title='bbox 1444 1102 1591 1182; x_wconf 78' lang='grc' dir='ltr'><em>πανταχοῦ</em></span> <span class='ocrx_word' id='word_1_64' title='bbox 1604 1098 1697 1182; x_wconf 87' lang='grc' dir='ltr'><em>βλίπει</em></span> <span class='ocrx_word' id='word_1_65' title='bbox 1716 1092 1760 1160; x_wconf 83' lang='grc' dir='ltr'><em>ε’πὶ</em></span> <span class='ocrx_word' id='word_1_66' title='bbox 1779 1098 1812 1176; x_wconf 81' lang='grc' dir='ltr'><em>τή</em></span> <span class='ocrx_word' id='word_1_67' title='bbox 1831 1099 1889 1159; x_wconf 84' lang='grc' dir='ltr'><em>τών</em></span> 
     </span>
     <span class='ocr_line' id='line_1_7' title="bbox 244 1217 1889 1321; baseline -0.012 -18"><span class='ocrx_word' id='word_1_68' title='bbox 244 1237 380 1321; x_wconf 79' lang='grc' dir='ltr'><em>Σοδόμων</em></span> <span class='ocrx_word' id='word_1_69' title='bbox 399 1239 591 1317; x_wconf 76' lang='grc' dir='ltr'><em>καταστροφῇ,</em></span> <span class='ocrx_word' id='word_1_70' title='bbox 606 1235 675 1315; x_wconf 86' lang='grc' dir='ltr'><em>λίγει</em></span> <span class='ocrx_word' id='word_1_71' title='bbox 688 1230 832 1315; x_wconf 83' lang='grc' dir='ltr'><em>Καταβὰς</em></span> <span class='ocrx_word' id='word_1_72' title='bbox 846 1229 955 1314; x_wconf 84' lang='grc' dir='ltr'><em>όιμομαι</em></span> <span class='ocrx_word' id='word_1_73' title='bbox 974 1232 1000 1295; x_wconf 87' lang='grc' dir='ltr'><em>εἰ</em></span> <span class='ocrx_word' id='word_1_74' title='bbox 1016 1229 1091 1295; x_wconf 85' lang='grc' dir='ltr'><em>κατά</em></span> <span class='ocrx_word' id='word_1_75' title='bbox 1109 1270 1118 1279; x_wconf 90' lang='grc'><strong>-</strong></span> <span class='ocrx_word' id='word_1_76' title='bbox 1137 1269 1146 1278; x_wconf 96' lang='grc'><strong>-</strong></span> <span class='ocrx_word' id='word_1_77' title='bbox 1165 1227 1212 1293; x_wconf 76' lang='grc' dir='ltr'><em>καὶ</em></span> <span class='ocrx_word' id='word_1_78' title='bbox 1231 1229 1263 1295; x_wconf 89' lang='grc' dir='ltr'><em>τὸ</em></span> <span class='ocrx_word' id='word_1_79' title='bbox 1283 1230 1367 1294; x_wconf 83' lang='grc' dir='ltr'><em>εἰπεῖν</em></span> <span class='ocrx_word' id='word_1_80' title='bbox 1386 1225 1447 1311; x_wconf 72' lang='grc' dir='ltr'><em>περὶ</em></span> <span class='ocrx_word' id='word_1_81' title='bbox 1466 1231 1515 1291; x_wconf 89' lang='grc' dir='ltr'><em>τοῦ</em></span> <span class='ocrx_word' id='word_1_82' title='bbox 1528 1225 1622 1308; x_wconf 85' lang='grc' dir='ltr'><em>Ἀδάμ</em></span> <span class='ocrx_word' id='word_1_83' title='bbox 1635 1264 1644 1274; x_wconf 94' lang='grc'><strong>-</strong></span> <span class='ocrx_word' id='word_1_84' title='bbox 1659 1264 1668 1273; x_wconf 94' lang='grc'>-</span> <span class='ocrx_word' id='word_1_85' title='bbox 1682 1222 1780 1306; x_wconf 91' lang='grc' dir='ltr'><em>μήπως</em></span> <span class='ocrx_word' id='word_1_86' title='bbox 1794 1261 1803 1271; x_wconf 91' lang='grc'><strong>-</strong></span> <span class='ocrx_word' id='word_1_87' title='bbox 1818 1262 1826 1271; x_wconf 95' lang='grc'><strong>-</strong></span> <span class='ocrx_word' id='word_1_88' title='bbox 1842 1217 1889 1284; x_wconf 75' lang='grc' dir='ltr'><em>καὶ</em></span> 
     </span>
     <span class='ocr_line' id='line_1_8' title="bbox 243 1349 1889 1450; baseline -0.012 -20"><span class='ocrx_word' id='word_1_89' title='bbox 243 1365 344 1450; x_wconf 84' lang='grc' dir='ltr'><em>φαγών</em></span> <span class='ocrx_word' id='word_1_90' title='bbox 360 1364 470 1446; x_wconf 80' lang='grc' dir='ltr'><em>ζήσεται</em></span> <span class='ocrx_word' id='word_1_91' title='bbox 484 1363 522 1434; x_wconf 90' lang='grc' dir='ltr'><em>εἰς</em></span> <span class='ocrx_word' id='word_1_92' title='bbox 535 1389 559 1427; x_wconf 94' lang='grc' dir='ltr'><em>τ.</em></span> <span class='ocrx_word' id='word_1_93' title='bbox 571 1362 671 1434; x_wconf 79' lang='grc' dir='ltr'><em>αἰῶνα,</em></span> <span class='ocrx_word' id='word_1_94' title='bbox 686 1360 853 1443; x_wconf 81' lang='grc' dir='ltr'><em>ἀγνοοῦντος</em></span> <span class='ocrx_word' id='word_1_95' title='bbox 866 1386 890 1421; x_wconf 90' lang='grc' dir='ltr'><em>κ.</em></span> <span class='ocrx_word' id='word_1_96' title='bbox 899 1367 953 1440; x_wconf 90' lang='grc' dir='ltr'><em>φθ.</em></span> <span class='ocrx_word' id='word_1_97' title='bbox 962 1358 1019 1422; x_wconf 87' lang='grc' dir='ltr'><em>ε’στι</em></span> <span class='ocrx_word' id='word_1_98' title='bbox 1033 1357 1176 1440; x_wconf 84' lang='grc' dir='ltr'><em>σῦμβολον.</em></span> <span class='ocrx_word' id='word_1_99' title='bbox 1191 1353 1285 1438; x_wconf 84' lang='grc' dir='ltr'><em>ώσπερ</em></span> <span class='ocrx_word' id='word_1_100' title='bbox 1300 1353 1347 1420; x_wconf 82' lang='grc' dir='ltr'><em>καί</em></span> <span class='ocrx_word' id='word_1_101' title='bbox 1362 1354 1579 1437; x_wconf 81' lang='grc' dir='ltr'><em>τὸἘνεθυμήθιγ</em></span> <span class='ocrx_word' id='word_1_102' title='bbox 1590 1393 1614 1402; x_wconf 93' lang='grc'><em>--</em></span> <span class='ocrx_word' id='word_1_103' title='bbox 1626 1349 1673 1415; x_wconf 82' lang='grc' dir='ltr'><em>καί</em></span> <span class='ocrx_word' id='word_1_104' title='bbox 1683 1349 1889 1433; x_wconf 78' lang='grc' dir='ltr'><em>τῦὈσφράνθή</em></span> 
     </span>
     <span class='ocr_line' id='line_1_9' title="bbox 244 1486 875 1572; baseline -0.016 -15"><span class='ocrx_word' id='word_1_105' title='bbox 244 1534 254 1543; x_wconf 90' lang='grc'>-</span> <span class='ocrx_word' id='word_1_106' title='bbox 268 1533 278 1543; x_wconf 87' lang='grc'>-</span> <span class='ocrx_word' id='word_1_107' title='bbox 292 1490 339 1557; x_wconf 85' lang='grc' dir='ltr'><em>καί</em></span> <span class='ocrx_word' id='word_1_108' title='bbox 353 1489 386 1558; x_wconf 85' lang='grc' dir='ltr'><em>τὸ</em></span> <span class='ocrx_word' id='word_1_109' title='bbox 400 1492 482 1563; x_wconf 86' lang='grc' dir='ltr'><em>τίλος</em></span> <span class='ocrx_word' id='word_1_110' title='bbox 496 1494 547 1572; x_wconf 81' lang='grc' dir='ltr'><em>τής</em></span> <span class='ocrx_word' id='word_1_111' title='bbox 561 1487 643 1569; x_wconf 88' lang='grc' dir='ltr'><em>ῦπομ.</em></span> <span class='ocrx_word' id='word_1_112' title='bbox 657 1486 694 1570; x_wconf 89' lang='grc' dir='ltr'><em>μή</em></span> <span class='ocrx_word' id='word_1_113' title='bbox 709 1486 875 1570; x_wconf 70' lang='grc' dir='ltr'><em>προειδότος.</em></span> 
     </span>
    </p>

    <p class='ocr_par' dir='ltr' id='par_1_4' title="bbox 247 1602 1896 2592">
     <span class='ocr_line' id='line_1_10' title="bbox 349 1602 1892 1698; baseline -0.01 -15"><span class='ocrx_word' id='word_1_114' title='bbox 349 1617 383 1685; x_wconf 90' lang='lat'><em>&#39;0</em></span> <span class='ocrx_word' id='word_1_115' title='bbox 404 1613 435 1681; x_wconf 77' lang='grc' dir='ltr'><em>δί</em></span> <span class='ocrx_word' id='word_1_116' title='bbox 453 1616 564 1698; x_wconf 77' lang='grc' dir='ltr'><em>Πέτρος</em></span> <span class='ocrx_word' id='word_1_117' title='bbox 586 1616 636 1697; x_wconf 78' lang='grc' dir='ltr'><em>ἔφη</em></span> <span class='ocrx_word' id='word_1_118' title='bbox 657 1614 729 1697; x_wconf 87' lang='grc' dir='ltr'><em>πρὸς</em></span> <span class='ocrx_word' id='word_1_119' title='bbox 750 1613 835 1679; x_wconf 79' lang='grc' dir='ltr'><em>αὐτόν</em></span> <span class='ocrx_word' id='word_1_120' title='bbox 858 1608 964 1696; x_wconf 94' lang='grc'><strong>(1706.</strong></span> <span class='ocrx_word' id='word_1_121' title='bbox 980 1638 1025 1695; x_wconf 88' lang='grc' dir='ltr'><em>πρ.</em></span> <span class='ocrx_word' id='word_1_122' title='bbox 1041 1613 1091 1678; x_wconf 87' lang='grc' dir='ltr'><em>τὸν</em></span> <span class='ocrx_word' id='word_1_123' title='bbox 1104 1608 1237 1696; x_wconf 87' lang='grc' dir='ltr'><em>Σίμωνα)</em></span> <span class='ocrx_word' id='word_1_124' title='bbox 1258 1612 1296 1675; x_wconf 86' lang='grc' dir='ltr'><em>Εί</em></span> <span class='ocrx_word' id='word_1_125' title='bbox 1315 1610 1417 1693; x_wconf 71' lang='grc' dir='ltr'><em>τυφλὸς</em></span> <span class='ocrx_word' id='word_1_126' title='bbox 1438 1651 1447 1660; x_wconf 91' lang='grc'><strong>-</strong></span> <span class='ocrx_word' id='word_1_127' title='bbox 1466 1651 1475 1659; x_wconf 86' lang='grc'><em>·</em></span> <span class='ocrx_word' id='word_1_128' title='bbox 1497 1614 1559 1682; x_wconf 84' lang='grc' dir='ltr'><em>πώς</em></span> <span class='ocrx_word' id='word_1_129' title='bbox 1580 1606 1769 1689; x_wconf 66' lang='grc' dir='ltr'><em>ἐντελλόμενος</em></span> <span class='ocrx_word' id='word_1_130' title='bbox 1787 1603 1802 1670; x_wconf 84' lang='grc' dir='ltr'><strong>ὁ</strong></span> <span class='ocrx_word' id='word_1_131' title='bbox 1822 1602 1892 1676; x_wconf 85' lang='grc' dir='ltr'><em>θεὸς</em></span> 
     </span>
     <span class='ocr_line' id='line_1_11' title="bbox 247 1732 1893 1827; baseline -0.01 -16"><span class='ocrx_word' id='word_1_132' title='bbox 247 1748 378 1812; x_wconf 72' lang='grc' dir='ltr'><em>ἐδείκνυεν</em></span> <span class='ocrx_word' id='word_1_133' title='bbox 396 1744 473 1824; x_wconf 82' lang='grc' dir='ltr'><em>αῦτῴ</em></span> <span class='ocrx_word' id='word_1_134' title='bbox 491 1745 577 1827; x_wconf 83' lang='grc' dir='ltr'><em>λε’γων</em></span> <span class='ocrx_word' id='word_1_135' title='bbox 590 1741 664 1807; x_wconf 85' lang='grc' dir='ltr'><em>Ἀπὸ</em></span> <span class='ocrx_word' id='word_1_136' title='bbox 684 1739 712 1805; x_wconf 72' lang='grc' dir='ltr'><em>δὲ</em></span> <span class='ocrx_word' id='word_1_137' title='bbox 731 1737 812 1825; x_wconf 52' lang='grc' dir='ltr'><em>τοῦδ)</em></span> <span class='ocrx_word' id='word_1_138' title='bbox 833 1783 842 1792; x_wconf 93' lang='grc'>-</span> <span class='ocrx_word' id='word_1_139' title='bbox 862 1738 963 1805; x_wconf 82' lang='grc' dir='ltr'><em>-καίῦ</em></span> <span class='ocrx_word' id='word_1_140' title='bbox 980 1740 1091 1822; x_wconf 87' lang='grc' dir='ltr'><em>Πίτρος</em></span> <span class='ocrx_word' id='word_1_141' title='bbox 1105 1744 1178 1813; x_wconf 86' lang='grc' dir='ltr'><em>Πῶς</em></span> <span class='ocrx_word' id='word_1_142' title='bbox 1191 1780 1201 1789; x_wconf 92' lang='grc'><strong>-</strong></span> <span class='ocrx_word' id='word_1_143' title='bbox 1216 1779 1225 1788; x_wconf 92' lang='grc'><strong>-</strong></span> <span class='ocrx_word' id='word_1_144' title='bbox 1240 1739 1313 1823; x_wconf 79' lang='grc' dir='ltr'><em>εἰχον</em></span> <span class='ocrx_word' id='word_1_145' title='bbox 1332 1737 1492 1822; x_wconf 84' lang='grc' dir='ltr'><em>άνεωγότας</em></span> <span class='ocrx_word' id='word_1_146' title='bbox 1511 1777 1543 1787; x_wconf 94' lang='grc'><em>--</em></span> <span class='ocrx_word' id='word_1_147' title='bbox 1563 1741 1644 1819; x_wconf 85' lang='grc' dir='ltr'><em>δήλον</em></span> <span class='ocrx_word' id='word_1_148' title='bbox 1663 1734 1804 1799; x_wconf 85' lang='grc' dir='ltr'><em>εἰτιῦθεν·</em></span> <span class='ocrx_word' id='word_1_149' title='bbox 1824 1732 1893 1795; x_wconf 81' lang='grc' dir='ltr'><em>εἶδεν</em></span> 
     </span>
     <span class='ocr_line' id='line_1_12' title="bbox 248 1858 1894 1959; baseline -0.008 -23"><span class='ocrx_word' id='word_1_150' title='bbox 248 1870 356 1959; x_wconf 89' lang='grc'><strong>(1706.</strong></span> <span class='ocrx_word' id='word_1_151' title='bbox 372 1876 465 1954; x_wconf 80' lang='grc' dir='ltr'><em>δήλου·</em></span> <span class='ocrx_word' id='word_1_152' title='bbox 481 1867 592 1955; x_wconf 89' lang='grc' dir='ltr'><em>ἰδοῦσα)</em></span> <span class='ocrx_word' id='word_1_153' title='bbox 608 1909 617 1918; x_wconf 93' lang='grc'><strong>-</strong></span> <span class='ocrx_word' id='word_1_154' title='bbox 632 1909 641 1918; x_wconf 94' lang='grc'>-</span> <span class='ocrx_word' id='word_1_155' title='bbox 656 1866 703 1932; x_wconf 84' lang='grc' dir='ltr'><em>καί</em></span> <span class='ocrx_word' id='word_1_156' title='bbox 719 1865 826 1953; x_wconf 91' lang='grc'><strong>(1706.</strong></span> <span class='ocrx_word' id='word_1_157' title='bbox 844 1865 921 1952; x_wconf 88' lang='lat' dir='ltr'><strong>om.)</strong></span> <span class='ocrx_word' id='word_1_158' title='bbox 937 1861 1042 1951; x_wconf 86' lang='grc' dir='ltr'><em>ώραῖόν</em></span> <span class='ocrx_word' id='word_1_159' title='bbox 1057 1868 1115 1932; x_wconf 85' lang='grc' dir='ltr'><em>ε’στι</em></span> <span class='ocrx_word' id='word_1_160' title='bbox 1127 1871 1177 1932; x_wconf 93' lang='grc' dir='ltr'><em>τοῦ</em></span> <span class='ocrx_word' id='word_1_161' title='bbox 1196 1877 1400 1931; x_wconf 71' lang='grc' dir='ltr'><em>κατανοεῖσθαι</em></span> <span class='ocrx_word' id='word_1_162' title='bbox 1420 1862 1528 1951; x_wconf 88' lang='grc'><strong>(1706.</strong></span> <span class='ocrx_word' id='word_1_163' title='bbox 1544 1861 1669 1950; x_wconf 70' lang='grc' dir='ltr'><em>νοῆσαι)</em></span> <span class='ocrx_word' id='word_1_164' title='bbox 1690 1903 1723 1912; x_wconf 94' lang='grc'><em>--</em></span> <span class='ocrx_word' id='word_1_165' title='bbox 1743 1858 1790 1926; x_wconf 82' lang='grc' dir='ltr'><em>καί</em></span> <span class='ocrx_word' id='word_1_166' title='bbox 1810 1861 1894 1924; x_wconf 82' lang='grc' dir='ltr'><em>ἔδωκε</em></span> 
     </span>
     <span class='ocr_line' id='line_1_13' title="bbox 249 1982 1895 2083; baseline -0.008 -21"><span class='ocrx_word' id='word_1_167' title='bbox 249 1996 356 2083; x_wconf 88' lang='grc'><strong>(1706.</strong></span> <span class='ocrx_word' id='word_1_168' title='bbox 373 1996 447 2061; x_wconf 82' lang='lat' dir='ltr'><strong>add.</strong></span> <span class='ocrx_word' id='word_1_169' title='bbox 463 1993 525 2082; x_wconf 82' lang='grc' dir='ltr'><em>καί)</em></span> <span class='ocrx_word' id='word_1_170' title='bbox 541 2001 581 2075; x_wconf 77' lang='grc' dir='ltr'><em>τῷ</em></span> <span class='ocrx_word' id='word_1_171' title='bbox 597 1994 676 2079; x_wconf 82' lang='grc' dir='ltr'><em>ἀνδρὶ</em></span> <span class='ocrx_word' id='word_1_172' title='bbox 690 1996 777 2080; x_wconf 85' lang='grc' dir='ltr'><em>αῦτής</em></span> <span class='ocrx_word' id='word_1_173' title='bbox 790 1995 845 2078; x_wconf 85' lang='grc' dir='ltr'><em>μετ’</em></span> <span class='ocrx_word' id='word_1_174' title='bbox 864 1995 949 2078; x_wconf 82' lang='grc' dir='ltr'><em>αἰτής</em></span> <span class='ocrx_word' id='word_1_175' title='bbox 965 1991 1072 2077; x_wconf 90' lang='grc'><strong>(1706.</strong></span> <span class='ocrx_word' id='word_1_176' title='bbox 1090 2015 1152 2057; x_wconf 84' lang='lat' dir='ltr'><em>om.</em></span> <span class='ocrx_word' id='word_1_177' title='bbox 1167 1993 1223 2075; x_wconf 89' lang='grc' dir='ltr'><em>μετ’</em></span> <span class='ocrx_word' id='word_1_178' title='bbox 1242 1990 1326 2077; x_wconf 84' lang='grc' dir='ltr'><em>ιιίτ.)</em></span> <span class='ocrx_word' id='word_1_179' title='bbox 1341 1995 1367 2058; x_wconf 93' lang='grc' dir='ltr'><em>εί</em></span> <span class='ocrx_word' id='word_1_180' title='bbox 1379 1988 1426 2058; x_wconf 82' lang='grc' dir='ltr'><em>οῦν</em></span> <span class='ocrx_word' id='word_1_181' title='bbox 1440 2033 1450 2042; x_wconf 87' lang='grc'>-</span> <span class='ocrx_word' id='word_1_182' title='bbox 1465 2034 1474 2042; x_wconf 94' lang='grc'><strong>-</strong></span> <span class='ocrx_word' id='word_1_183' title='bbox 1489 1999 1588 2077; x_wconf 73' lang='grc' dir='ltr'><em>γνοῦσιν</em></span> <span class='ocrx_word' id='word_1_184' title='bbox 1603 1992 1675 2075; x_wconf 79' lang='grc' dir='ltr'><em>εἶχον</em></span> <span class='ocrx_word' id='word_1_185' title='bbox 1694 1994 1780 2055; x_wconf 85' lang='grc' dir='ltr'><em>καλοῦ</em></span> <span class='ocrx_word' id='word_1_186' title='bbox 1799 2013 1829 2052; x_wconf 90' lang='grc' dir='ltr'><em>τε</em></span> <span class='ocrx_word' id='word_1_187' title='bbox 1847 1982 1895 2050; x_wconf 80' lang='grc' dir='ltr'><em>καί</em></span> 
     </span>
     <span class='ocr_line' id='line_1_14' title="bbox 248 2117 1896 2208; baseline -0.008 -17"><span class='ocrx_word' id='word_1_188' title='bbox 248 2131 348 2200; x_wconf 90' lang='grc' dir='ltr'><em>κακοῦ,</em></span> <span class='ocrx_word' id='word_1_189' title='bbox 368 2125 436 2206; x_wconf 80' lang='grc' dir='ltr'><em>ὄψιν</em></span> <span class='ocrx_word' id='word_1_190' title='bbox 455 2121 485 2187; x_wconf 73' lang='grc' dir='ltr'><em>δὲ</em></span> <span class='ocrx_word' id='word_1_191' title='bbox 505 2119 611 2207; x_wconf 86' lang='grc'><strong>(1706.</strong></span> <span class='ocrx_word' id='word_1_192' title='bbox 628 2120 675 2187; x_wconf 85' lang='grc' dir='ltr'><em>καί</em></span> <span class='ocrx_word' id='word_1_193' title='bbox 693 2120 736 2189; x_wconf 86' lang='grc' dir='ltr'><em>ῦτι</em></span> <span class='ocrx_word' id='word_1_194' title='bbox 753 2119 835 2208; x_wconf 81' lang='grc' dir='ltr'><em>ὄψιν)</em></span> <span class='ocrx_word' id='word_1_195' title='bbox 856 2123 973 2187; x_wconf 77' lang='grc' dir='ltr'><em>ἕκαστον</em></span> <span class='ocrx_word' id='word_1_196' title='bbox 993 2121 1097 2201; x_wconf 90' lang='grc'><strong>(1706.</strong></span> <span class='ocrx_word' id='word_1_197' title='bbox 1113 2117 1195 2205; x_wconf 92' lang='grc' dir='ltr'><em>-στα)</em></span> <span class='ocrx_word' id='word_1_198' title='bbox 1216 2160 1225 2169; x_wconf 90' lang='grc'><em>·</em></span> <span class='ocrx_word' id='word_1_199' title='bbox 1243 2162 1252 2171; x_wconf 87' lang='grc'><em>·</em></span> <span class='ocrx_word' id='word_1_200' title='bbox 1271 2127 1370 2204; x_wconf 78' lang='grc' dir='ltr'><em>γνοῦσιν</em></span> <span class='ocrx_word' id='word_1_201' title='bbox 1389 2121 1569 2204; x_wconf 78' lang='grc' dir='ltr'><em>ἀδιάφθορον</em></span> <span class='ocrx_word' id='word_1_202' title='bbox 1587 2120 1725 2201; x_wconf 78' lang='grc' dir='ltr'><em>παρίσχει</em></span> <span class='ocrx_word' id='word_1_203' title='bbox 1743 2117 1896 2197; x_wconf 88' lang='grc' dir='ltr'><em>--τυφλοῦ</em></span> 
     </span>
     <span class='ocr_line' id='line_1_15' title="bbox 249 2242 1895 2337; baseline -0.01 -18"><span class='ocrx_word' id='word_1_204' title='bbox 249 2258 324 2337; x_wconf 71' lang='grc' dir='ltr'><em>δίκιγν</em></span> <span class='ocrx_word' id='word_1_205' title='bbox 345 2249 452 2337; x_wconf 91' lang='grc'><strong>(1706.</strong></span> <span class='ocrx_word' id='word_1_206' title='bbox 469 2253 519 2315; x_wconf 89' lang='grc' dir='ltr'><em>δίκ.</em></span> <span class='ocrx_word' id='word_1_207' title='bbox 534 2255 627 2333; x_wconf 86' lang='grc' dir='ltr'><em>τυφλ)</em></span> <span class='ocrx_word' id='word_1_208' title='bbox 646 2292 656 2301; x_wconf 87' lang='grc'><strong>-</strong></span> <span class='ocrx_word' id='word_1_209' title='bbox 671 2291 680 2300; x_wconf 96' lang='grc'>-</span> <span class='ocrx_word' id='word_1_210' title='bbox 699 2248 747 2315; x_wconf 83' lang='grc' dir='ltr'><em>καί</em></span> <span class='ocrx_word' id='word_1_211' title='bbox 767 2250 798 2315; x_wconf 88' lang='grc' dir='ltr'><em>τὸ</em></span> <span class='ocrx_word' id='word_1_212' title='bbox 816 2245 924 2333; x_wconf 86' lang='grc'><strong>(1706.</strong></span> <span class='ocrx_word' id='word_1_213' title='bbox 941 2246 1003 2335; x_wconf 84' lang='grc' dir='ltr'><em>τὸν)</em></span> <span class='ocrx_word' id='word_1_214' title='bbox 1020 2250 1094 2314; x_wconf 88' lang='grc' dir='ltr'><em>πάνυ</em></span> <span class='ocrx_word' id='word_1_215' title='bbox 1108 2249 1241 2333; x_wconf 75' lang='grc' dir='ltr'><em>γνώριμον</em></span> <span class='ocrx_word' id='word_1_216' title='bbox 1255 2289 1265 2298; x_wconf 88' lang='grc'>-</span> <span class='ocrx_word' id='word_1_217' title='bbox 1279 2289 1288 2298; x_wconf 97' lang='grc'>-</span> <span class='ocrx_word' id='word_1_218' title='bbox 1303 2244 1391 2320; x_wconf 89' lang='grc' dir='ltr'><em>οῦτως</em></span> <span class='ocrx_word' id='word_1_219' title='bbox 1405 2242 1453 2313; x_wconf 86' lang='grc' dir='ltr'><em>οῦν</em></span> <span class='ocrx_word' id='word_1_220' title='bbox 1467 2245 1514 2312; x_wconf 77' lang='grc' dir='ltr'><em>καί</em></span> <span class='ocrx_word' id='word_1_221' title='bbox 1529 2246 1545 2313; x_wconf 85' lang='grc' dir='ltr'><strong>ὁ</strong></span> <span class='ocrx_word' id='word_1_222' title='bbox 1558 2245 1652 2326; x_wconf 82' lang='grc' dir='ltr'><em>Ἀδάμ</em></span> <span class='ocrx_word' id='word_1_223' title='bbox 1665 2285 1674 2295; x_wconf 87' lang='grc'><em>·</em></span> <span class='ocrx_word' id='word_1_224' title='bbox 1688 2287 1697 2295; x_wconf 91' lang='grc'>-</span> <span class='ocrx_word' id='word_1_225' title='bbox 1713 2245 1895 2328; x_wconf 77' lang='grc' dir='ltr'><em>διεγερθιγσαν</em></span> 
     </span>
     <span class='ocr_line' id='line_1_16' title="bbox 251 2368 1895 2464; baseline -0.005 -20"><span class='ocrx_word' id='word_1_226' title='bbox 251 2379 356 2460; x_wconf 89' lang='grc'><strong>(1706.</strong></span> <span class='ocrx_word' id='word_1_227' title='bbox 372 2375 468 2464; x_wconf 77' lang='grc' dir='ltr'><em>διεγγ.)</em></span> <span class='ocrx_word' id='word_1_228' title='bbox 488 2377 520 2443; x_wconf 86' lang='grc' dir='ltr'><em>τῦ</em></span> <span class='ocrx_word' id='word_1_229' title='bbox 540 2377 594 2460; x_wconf 81' lang='grc' dir='ltr'><em>γὰρ</em></span> <span class='ocrx_word' id='word_1_230' title='bbox 608 2381 755 2461; x_wconf 78' lang='grc' dir='ltr'><em>Διηνοίχθ.</em></span> <span class='ocrx_word' id='word_1_231' title='bbox 772 2378 865 2442; x_wconf 78' lang='grc' dir='ltr'><em>αἰτῶν</em></span> <span class='ocrx_word' id='word_1_232' title='bbox 884 2379 910 2442; x_wconf 83' lang='grc' dir='ltr'><em>οἱ</em></span> <span class='ocrx_word' id='word_1_233' title='bbox 924 2374 1069 2460; x_wconf 79' lang='grc' dir='ltr'><em>ὀφθαλμοί</em></span> <span class='ocrx_word' id='word_1_234' title='bbox 1084 2417 1093 2426; x_wconf 96' lang='grc'>-</span> <span class='ocrx_word' id='word_1_235' title='bbox 1107 2417 1116 2426; x_wconf 93' lang='grc'>-</span> <span class='ocrx_word' id='word_1_236' title='bbox 1132 2377 1304 2461; x_wconf 76' lang='grc' dir='ltr'><em>ἐγγενομίιτγν</em></span> <span class='ocrx_word' id='word_1_237' title='bbox 1320 2371 1426 2457; x_wconf 88' lang='grc'><strong>(1706.</strong></span> <span class='ocrx_word' id='word_1_238' title='bbox 1443 2371 1571 2459; x_wconf 88' lang='grc' dir='ltr'><em>ε’γγινομ.)</em></span> <span class='ocrx_word' id='word_1_239' title='bbox 1587 2414 1596 2424; x_wconf 96' lang='grc'>-</span> <span class='ocrx_word' id='word_1_240' title='bbox 1611 2415 1620 2424; x_wconf 87' lang='grc'><em>·</em></span> <span class='ocrx_word' id='word_1_241' title='bbox 1634 2371 1781 2457; x_wconf 79' lang='grc' dir='ltr'><em>παρενδὺς</em></span> <span class='ocrx_word' id='word_1_242' title='bbox 1795 2368 1849 2453; x_wconf 81' lang='grc' dir='ltr'><em>γὰρ</em></span> <span class='ocrx_word' id='word_1_243' title='bbox 1863 2409 1895 2418; x_wconf 93' lang='lat'><em>··</em></span> 
     </span>
     <span class='ocr_line' id='line_1_17' title="bbox 250 2509 406 2592; baseline -0.019 -18"><span class='ocrx_word' id='word_1_244' title='bbox 250 2509 406 2592; x_wconf 86' lang='grc' dir='ltr'><em>πλήττεται.</em></span> 
     </span>
    </p>

    <p class='ocr_par' dir='ltr' id='par_1_5' title="bbox 252 2623 1903 3609">
     <span class='ocr_line' id='line_1_18' title="bbox 357 2623 1898 2717; baseline -0.007 -19"><span class='ocrx_word' id='word_1_245' title='bbox 357 2631 419 2699; x_wconf 79' lang='grc' dir='ltr'><em>Καὶ</em></span> <span class='ocrx_word' id='word_1_246' title='bbox 437 2633 453 2700; x_wconf 87' lang='grc' dir='ltr'><strong>ὁ</strong></span> <span class='ocrx_word' id='word_1_247' title='bbox 468 2635 566 2716; x_wconf 75' lang='grc' dir='ltr'><em>Σιμοεν</em></span> <span class='ocrx_word' id='word_1_248' title='bbox 584 2634 667 2714; x_wconf 80' lang='grc' dir='ltr'><em>φήσίν</em></span> <span class='ocrx_word' id='word_1_249' title='bbox 681 2634 719 2696; x_wconf 88' lang='grc' dir='ltr'><em>Εἰ</em></span> <span class='ocrx_word' id='word_1_250' title='bbox 735 2632 890 2715; x_wconf 73' lang='grc' dir='ltr'><em>πρόγνωσιν</em></span> <span class='ocrx_word' id='word_1_251' title='bbox 909 2633 979 2715; x_wconf 84' lang='grc' dir='ltr'><em>εἶχεν</em></span> <span class='ocrx_word' id='word_1_252' title='bbox 986 2628 1011 2717; x_wconf 79' lang='grc'><em>3)</em></span> <span class='ocrx_word' id='word_1_253' title='bbox 1032 2672 1064 2682; x_wconf 91' lang='grc'><em>--</em></span> <span class='ocrx_word' id='word_1_254' title='bbox 1083 2629 1131 2696; x_wconf 88' lang='grc' dir='ltr'><em>καί</em></span> <span class='ocrx_word' id='word_1_255' title='bbox 1150 2631 1165 2698; x_wconf 86' lang='grc' dir='ltr'><strong>ὁ</strong></span> <span class='ocrx_word' id='word_1_256' title='bbox 1182 2633 1292 2714; x_wconf 78' lang='grc' dir='ltr'><em>Πέτρος</em></span> <span class='ocrx_word' id='word_1_257' title='bbox 1313 2628 1420 2714; x_wconf 89' lang='grc'><strong>(1706.</strong></span> <span class='ocrx_word' id='word_1_258' title='bbox 1436 2628 1511 2694; x_wconf 81' lang='lat' dir='ltr'><strong>add.</strong></span> <span class='ocrx_word' id='word_1_259' title='bbox 1527 2627 1614 2715; x_wconf 76' lang='grc' dir='ltr'><em>εἶπεν)</em></span> <span class='ocrx_word' id='word_1_260' title='bbox 1631 2670 1663 2679; x_wconf 94' lang='grc'><em>--</em></span> <span class='ocrx_word' id='word_1_261' title='bbox 1682 2626 1749 2714; x_wconf 69' lang='grc' dir='ltr'><em>φιγσί</em></span> <span class='ocrx_word' id='word_1_262' title='bbox 1764 2624 1834 2709; x_wconf 81' lang='grc' dir='ltr'><em>πρός</em></span> <span class='ocrx_word' id='word_1_263' title='bbox 1848 2623 1898 2691; x_wconf 84' lang='grc' dir='ltr'><em>τὸν</em></span> 
     </span>
     <span class='ocr_line' id='line_1_19' title="bbox 253 2749 1896 2847; baseline -0.005 -20"><span class='ocrx_word' id='word_1_264' title='bbox 253 2760 360 2847; x_wconf 89' lang='grc'><strong>(1706.</strong></span> <span class='ocrx_word' id='word_1_265' title='bbox 376 2760 444 2845; x_wconf 81' lang='grc' dir='ltr'><em>φησί</em></span> <span class='ocrx_word' id='word_1_266' title='bbox 457 2758 511 2846; x_wconf 75' lang='grc' dir='ltr'><em>τῷ)</em></span> <span class='ocrx_word' id='word_1_267' title='bbox 527 2761 604 2844; x_wconf 80' lang='grc' dir='ltr'><em>Ἀβρ.</em></span> <span class='ocrx_word' id='word_1_268' title='bbox 620 2765 651 2823; x_wconf 89' lang='grc' dir='ltr'><em>Γ</em></span> <span class='ocrx_word' id='word_1_269' title='bbox 648 2756 772 2824; x_wconf 88' lang='grc' dir='ltr'><em>ινώσκων</em></span> <span class='ocrx_word' id='word_1_270' title='bbox 790 2762 904 2844; x_wconf 86' lang='grc' dir='ltr'><em>γίνωσκε</em></span> <span class='ocrx_word' id='word_1_271' title='bbox 922 2801 932 2810; x_wconf 95' lang='grc'><strong>-</strong></span> <span class='ocrx_word' id='word_1_272' title='bbox 948 2801 958 2810; x_wconf 88' lang='grc'>-</span> <span class='ocrx_word' id='word_1_273' title='bbox 977 2760 1159 2825; x_wconf 82' lang='grc' dir='ltr'><em>δουλώσουσιν</em></span> <span class='ocrx_word' id='word_1_274' title='bbox 1179 2758 1258 2839; x_wconf 71' lang='grc' dir='ltr'><em>αὐτῷ</em></span> <span class='ocrx_word' id='word_1_275' title='bbox 1280 2754 1338 2842; x_wconf 77' lang='lat' dir='ltr'><strong>(ita</strong></span> <span class='ocrx_word' id='word_1_276' title='bbox 1360 2759 1455 2822; x_wconf 86' lang='lat' dir='ltr'><strong>etiam</strong></span> <span class='ocrx_word' id='word_1_277' title='bbox 1474 2756 1578 2841; x_wconf 87' lang='grc'><strong>1706.)</strong></span> <span class='ocrx_word' id='word_1_278' title='bbox 1600 2759 1645 2841; x_wconf 80' lang='grc' dir='ltr'><em>ίτιγ</em></span> <span class='ocrx_word' id='word_1_279' title='bbox 1666 2765 1693 2842; x_wconf 80' lang='grc' dir='ltr'><em>γ’</em></span> <span class='ocrx_word' id='word_1_280' title='bbox 1714 2751 1821 2841; x_wconf 90' lang='grc'><strong>(1706.</strong></span> <span class='ocrx_word' id='word_1_281' title='bbox 1837 2749 1896 2837; x_wconf 80' lang='grc' dir='ltr'><em>τγ’)</em></span> 
     </span>
     <span class='ocr_line' id='line_1_20' title="bbox 252 2881 1899 2971; baseline -0.005 -16"><span class='ocrx_word' id='word_1_282' title='bbox 252 2931 261 2941; x_wconf 90' lang='grc'><strong>-</strong></span> <span class='ocrx_word' id='word_1_283' title='bbox 276 2931 285 2940; x_wconf 91' lang='grc'><strong>-</strong></span> <span class='ocrx_word' id='word_1_284' title='bbox 300 2889 570 2971; x_wconf 86' lang='grc' dir='ltr'><em>άποστραφήσονται</em></span> <span class='ocrx_word' id='word_1_285' title='bbox 584 2881 678 2971; x_wconf 55' lang='grc' dir='ltr'><em>ώδεᾸ)</em></span> <span class='ocrx_word' id='word_1_286' title='bbox 696 2886 773 2952; x_wconf 79' lang='grc' dir='ltr'><em>οίποι</em></span> <span class='ocrx_word' id='word_1_287' title='bbox 789 2887 842 2971; x_wconf 81' lang='grc' dir='ltr'><em>γάρ</em></span> <span class='ocrx_word' id='word_1_288' title='bbox 858 2887 1110 2971; x_wconf 84' lang='grc' dir='ltr'><em>άναπεπλήρωνται</em></span> <span class='ocrx_word' id='word_1_289' title='bbox 1125 2888 1156 2951; x_wconf 81' lang='grc' dir='ltr'><em>αἱ</em></span> <span class='ocrx_word' id='word_1_290' title='bbox 1170 2886 1305 2969; x_wconf 84' lang='grc' dir='ltr'><em>ἁμαρτίαι</em></span> <span class='ocrx_word' id='word_1_291' title='bbox 1317 2891 1375 2952; x_wconf 80' lang='grc' dir='ltr'><em>τών</em></span> <span class='ocrx_word' id='word_1_292' title='bbox 1387 2886 1563 2969; x_wconf 70' lang='grc' dir='ltr'><em>Ἀμορραιλον</em></span> <span class='ocrx_word' id='word_1_293' title='bbox 1578 2885 1630 2959; x_wconf 81' lang='grc' dir='ltr'><em>ἕως</em></span> <span class='ocrx_word' id='word_1_294' title='bbox 1644 2891 1693 2950; x_wconf 91' lang='grc' dir='ltr'><em>τοῦ</em></span> <span class='ocrx_word' id='word_1_295' title='bbox 1708 2891 1762 2951; x_wconf 85' lang='grc' dir='ltr'><em>νῦν.</em></span> <span class='ocrx_word' id='word_1_296' title='bbox 1778 2881 1851 2950; x_wconf 83' lang='grc' dir='ltr'><em>οῦτοι</em></span> <span class='ocrx_word' id='word_1_297' title='bbox 1866 2883 1899 2966; x_wconf 83' lang='grc' dir='ltr'><em>δή</em></span> 
     </span>
     <span class='ocr_line' id='line_1_21' title="bbox 253 3008 1901 3099; baseline -0.003 -17"><span class='ocrx_word' id='word_1_298' title='bbox 253 3016 300 3082; x_wconf 85' lang='grc' dir='ltr'><em>καί</em></span> <span class='ocrx_word' id='word_1_299' title='bbox 315 3016 385 3099; x_wconf 87' lang='grc' dir='ltr'><em>πρὸς</em></span> <span class='ocrx_word' id='word_1_300' title='bbox 401 3017 528 3081; x_wconf 75' lang='grc' dir='ltr'><em>Μωυσέα</em></span> <span class='ocrx_word' id='word_1_301' title='bbox 542 3017 625 3097; x_wconf 78' lang='grc' dir='ltr'><em>φησίν</em></span> <span class='ocrx_word' id='word_1_302' title='bbox 638 3014 708 3080; x_wconf 84' lang='grc' dir='ltr'><em>Ἰδοῦ</em></span> <span class='ocrx_word' id='word_1_303' title='bbox 723 3015 757 3080; x_wconf 85' lang='grc' dir='ltr'><em>σῦ</em></span> <span class='ocrx_word' id='word_1_304' title='bbox 771 3021 904 3098; x_wconf 86' lang='grc' dir='ltr'><em>κοιμάσαι</em></span> <span class='ocrx_word' id='word_1_305' title='bbox 917 3015 989 3098; x_wconf 83' lang='grc' dir='ltr'><em>μετὰ</em></span> <span class='ocrx_word' id='word_1_306' title='bbox 1003 3020 1059 3080; x_wconf 83' lang='grc' dir='ltr'><em>τών</em></span> <span class='ocrx_word' id='word_1_307' title='bbox 1073 3015 1203 3097; x_wconf 78' lang='grc' dir='ltr'><em>πατιρων</em></span> <span class='ocrx_word' id='word_1_308' title='bbox 1217 3041 1281 3088; x_wconf 92' lang='grc' dir='ltr'><em>σου,</em></span> <span class='ocrx_word' id='word_1_309' title='bbox 1298 3011 1346 3079; x_wconf 82' lang='grc' dir='ltr'><em>καί</em></span> <span class='ocrx_word' id='word_1_310' title='bbox 1360 3013 1490 3086; x_wconf 84' lang='grc' dir='ltr'><em>ἀναστάς</em></span> <span class='ocrx_word' id='word_1_311' title='bbox 1508 3012 1524 3079; x_wconf 83' lang='grc' dir='ltr'><em>ὃ</em></span> <span class='ocrx_word' id='word_1_312' title='bbox 1542 3013 1612 3087; x_wconf 88' lang='grc' dir='ltr'><em>λαὸς</em></span> <span class='ocrx_word' id='word_1_313' title='bbox 1631 3008 1710 3086; x_wconf 79' lang='grc' dir='ltr'><em>οῦτος</em></span> <span class='ocrx_word' id='word_1_314' title='bbox 1729 3013 1901 3094; x_wconf 86' lang='grc' dir='ltr'><em>ε’κπορνεῦσει</em></span> 
     </span>
     <span class='ocr_line' id='line_1_22' title="bbox 254 3138 1901 3226; baseline -0.002 -16"><span class='ocrx_word' id='word_1_315' title='bbox 254 3146 345 3210; x_wconf 88' lang='grc' dir='ltr'><em>ὀπίσω</em></span> <span class='ocrx_word' id='word_1_316' title='bbox 359 3147 438 3207; x_wconf 80' lang='grc' dir='ltr'><em>θεῶν</em></span> <span class='ocrx_word' id='word_1_317' title='bbox 453 3143 606 3224; x_wconf 78' lang='grc' dir='ltr'><em>ἀλλοτρίων</em></span> <span class='ocrx_word' id='word_1_318' title='bbox 620 3147 669 3224; x_wconf 85' lang='grc' dir='ltr'><em>τής</em></span> <span class='ocrx_word' id='word_1_319' title='bbox 683 3147 732 3225; x_wconf 85' lang='grc' dir='ltr'><em>γής</em></span> <span class='ocrx_word' id='word_1_320' title='bbox 746 3144 784 3214; x_wconf 86' lang='grc' dir='ltr'><em>εἰς</em></span> <span class='ocrx_word' id='word_1_321' title='bbox 797 3140 831 3226; x_wconf 84' lang='grc' dir='ltr'><em>ἣν</em></span> <span class='ocrx_word' id='word_1_322' title='bbox 845 3142 1032 3225; x_wconf 74' lang='grc' dir='ltr'><em>εἰσπορεύεται</em></span> <span class='ocrx_word' id='word_1_323' title='bbox 1046 3142 1107 3216; x_wconf 86' lang='grc' dir='ltr'><em>ε’κεῖ,</em></span> <span class='ocrx_word' id='word_1_324' title='bbox 1122 3140 1170 3207; x_wconf 79' lang='grc' dir='ltr'><em>καὶ</em></span> <span class='ocrx_word' id='word_1_325' title='bbox 1184 3142 1421 3225; x_wconf 74' lang='grc' dir='ltr'><em>ἔγκατιιλεάμοοσί</em></span> <span class='ocrx_word' id='word_1_326' title='bbox 1430 3168 1463 3225; x_wconf 82' lang='grc' dir='ltr'><em>με</em></span> <span class='ocrx_word' id='word_1_327' title='bbox 1478 3138 1525 3206; x_wconf 83' lang='grc' dir='ltr'><em>καί</em></span> <span class='ocrx_word' id='word_1_328' title='bbox 1540 3142 1767 3208; x_wconf 81' lang='grc' dir='ltr'><em>διασκεδάσουσιν</em></span> <span class='ocrx_word' id='word_1_329' title='bbox 1780 3139 1830 3225; x_wconf 88' lang='grc' dir='ltr'><em>τήν</em></span> <span class='ocrx_word' id='word_1_330' title='bbox 1845 3148 1901 3206; x_wconf 90' lang='grc' dir='ltr'><em>δια·</em></span> 
     </span>
     <span class='ocr_line' id='line_1_23' title="bbox 255 3265 1902 3356; baseline -0.002 -20"><span class='ocrx_word' id='word_1_331' title='bbox 255 3270 345 3356; x_wconf 71' lang='grc' dir='ltr'><em>θήκην</em></span> <span class='ocrx_word' id='word_1_332' title='bbox 360 3297 412 3355; x_wconf 90' lang='grc' dir='ltr'><em>μου</em></span> <span class='ocrx_word' id='word_1_333' title='bbox 426 3269 459 3353; x_wconf 87' lang='grc' dir='ltr'><em>ήν</em></span> <span class='ocrx_word' id='word_1_334' title='bbox 474 3270 604 3350; x_wconf 70' lang='grc' dir='ltr'><em>διεθίμιγν</em></span> <span class='ocrx_word' id='word_1_335' title='bbox 619 3268 721 3341; x_wconf 82' lang='grc' dir='ltr'><em>αῦτοῐς.</em></span> <span class='ocrx_word' id='word_1_336' title='bbox 736 3267 783 3333; x_wconf 84' lang='grc' dir='ltr'><em>καί</em></span> <span class='ocrx_word' id='word_1_337' title='bbox 798 3265 1000 3353; x_wconf 85' lang='grc' dir='ltr'><em>όργισθήσομαι</em></span> <span class='ocrx_word' id='word_1_338' title='bbox 1010 3275 1094 3353; x_wconf 77' lang='grc' dir='ltr'><em>θυμῷ</em></span> <span class='ocrx_word' id='word_1_339' title='bbox 1108 3267 1155 3334; x_wconf 78' lang='grc' dir='ltr'><em>καὶ</em></span> <span class='ocrx_word' id='word_1_340' title='bbox 1170 3273 1335 3351; x_wconf 69' lang='grc' dir='ltr'><em>καταλείψοι</em></span> <span class='ocrx_word' id='word_1_341' title='bbox 1348 3266 1449 3341; x_wconf 86' lang='grc' dir='ltr'><em>αῦτοῦς</em></span> <span class='ocrx_word' id='word_1_342' title='bbox 1460 3266 1507 3332; x_wconf 82' lang='grc' dir='ltr'><em>καί</em></span> <span class='ocrx_word' id='word_1_343' title='bbox 1519 3269 1693 3352; x_wconf 65' lang='grc' dir='ltr'><em>άποστρελμοι</em></span> <span class='ocrx_word' id='word_1_344' title='bbox 1706 3268 1738 3335; x_wconf 87' lang='grc' dir='ltr'><em>τὸ</em></span> <span class='ocrx_word' id='word_1_345' title='bbox 1750 3269 1902 3352; x_wconf 89' lang='grc' dir='ltr'><em>πρόσωπόν</em></span> 
     </span>
     <span class='ocr_line' id='line_1_24' title="bbox 254 3393 1901 3481; baseline -0.001 -19"><span class='ocrx_word' id='word_1_346' title='bbox 254 3426 307 3481; x_wconf 92' lang='grc' dir='ltr'><em>μου</em></span> <span class='ocrx_word' id='word_1_347' title='bbox 326 3398 373 3462; x_wconf 82' lang='grc' dir='ltr'><em>ἀπ’</em></span> <span class='ocrx_word' id='word_1_348' title='bbox 397 3397 502 3470; x_wconf 70' lang='grc' dir='ltr'><em>αἰετῶν,</em></span> <span class='ocrx_word' id='word_1_349' title='bbox 524 3393 572 3461; x_wconf 94' lang='grc' dir='ltr'><em>καί</em></span> <span class='ocrx_word' id='word_1_350' title='bbox 591 3397 669 3460; x_wconf 80' lang='grc' dir='ltr'><em>ἔσται</em></span> <span class='ocrx_word' id='word_1_351' title='bbox 683 3396 872 3481; x_wconf 87' lang='grc' dir='ltr'><em>κατάβρωμα,</em></span> <span class='ocrx_word' id='word_1_352' title='bbox 894 3394 941 3462; x_wconf 86' lang='grc' dir='ltr'><em>καί</em></span> <span class='ocrx_word' id='word_1_353' title='bbox 956 3396 1113 3481; x_wconf 86' lang='grc' dir='ltr'><em>εῦρήσουσιν</em></span> <span class='ocrx_word' id='word_1_354' title='bbox 1128 3397 1213 3463; x_wconf 80' lang='grc' dir='ltr'><em>αἰτόν</em></span> <span class='ocrx_word' id='word_1_355' title='bbox 1228 3395 1303 3461; x_wconf 74' lang='grc' dir='ltr'><em>κακοὶ</em></span> <span class='ocrx_word' id='word_1_356' title='bbox 1317 3396 1416 3461; x_wconf 84' lang='grc' dir='ltr'><em>πολλά.</em></span> <span class='ocrx_word' id='word_1_357' title='bbox 1439 3396 1502 3460; x_wconf 81' lang='grc' dir='ltr'><em>οἰδα</em></span> <span class='ocrx_word' id='word_1_358' title='bbox 1518 3395 1572 3478; x_wconf 79' lang='grc' dir='ltr'><em>γὰρ</em></span> <span class='ocrx_word' id='word_1_359' title='bbox 1585 3394 1635 3480; x_wconf 85' lang='grc' dir='ltr'><em>τήν</em></span> <span class='ocrx_word' id='word_1_360' title='bbox 1649 3399 1785 3480; x_wconf 81' lang='grc' dir='ltr'><em>πονηρίαν</em></span> <span class='ocrx_word' id='word_1_361' title='bbox 1800 3396 1901 3469; x_wconf 75' lang='grc' dir='ltr'><em>αιίτοῦν,</em></span> 
     </span>
     <span class='ocr_line' id='line_1_25' title="bbox 256 3518 1903 3609; baseline -0.003 -18"><span class='ocrx_word' id='word_1_362' title='bbox 256 3523 312 3592; x_wconf 83' lang='grc' dir='ltr'><em>ὅσα</em></span> <span class='ocrx_word' id='word_1_363' title='bbox 331 3529 454 3590; x_wconf 90' lang='grc' dir='ltr'><em>ποιοῦσιν</em></span> <span class='ocrx_word' id='word_1_364' title='bbox 473 3518 527 3587; x_wconf 88' lang='grc' dir='ltr'><em>ώδε</em></span> <span class='ocrx_word' id='word_1_365' title='bbox 545 3523 662 3606; x_wconf 87' lang='grc' dir='ltr'><em>σήμερον</em></span> <span class='ocrx_word' id='word_1_366' title='bbox 680 3524 736 3606; x_wconf 89' lang='grc' dir='ltr'><em>πρὸ</em></span> <span class='ocrx_word' id='word_1_367' title='bbox 754 3528 804 3589; x_wconf 85' lang='grc' dir='ltr'><em>τοῦ</em></span> <span class='ocrx_word' id='word_1_368' title='bbox 822 3526 977 3609; x_wconf 81' lang='grc' dir='ltr'><em>εἰσαγαγεῖν</em></span> <span class='ocrx_word' id='word_1_369' title='bbox 995 3551 1028 3608; x_wconf 82' lang='grc' dir='ltr'><em>με</em></span> <span class='ocrx_word' id='word_1_370' title='bbox 1044 3523 1144 3597; x_wconf 87' lang='grc' dir='ltr'><em>αιἰτοῦς</em></span> <span class='ocrx_word' id='word_1_371' title='bbox 1158 3526 1197 3597; x_wconf 84' lang='grc' dir='ltr'><em>εἰς</em></span> <span class='ocrx_word' id='word_1_372' title='bbox 1210 3523 1259 3608; x_wconf 88' lang='grc' dir='ltr'><em>τήν</em></span> <span class='ocrx_word' id='word_1_373' title='bbox 1274 3529 1322 3607; x_wconf 88' lang='grc' dir='ltr'><em>γήυ</em></span> <span class='ocrx_word' id='word_1_374' title='bbox 1336 3523 1385 3607; x_wconf 87' lang='grc' dir='ltr'><em>τήν</em></span> <span class='ocrx_word' id='word_1_375' title='bbox 1400 3523 1517 3608; x_wconf 83' lang='grc' dir='ltr'><em>ἀγαθήν</em></span> <span class='ocrx_word' id='word_1_376' title='bbox 1530 3523 1563 3605; x_wconf 81' lang='grc' dir='ltr'><em>ἢν</em></span> <span class='ocrx_word' id='word_1_377' title='bbox 1577 3520 1676 3604; x_wconf 89' lang='grc' dir='ltr'><em>ώμοσα</em></span> <span class='ocrx_word' id='word_1_378' title='bbox 1690 3534 1749 3596; x_wconf 85' lang='grc' dir='ltr'><em>τοῖς</em></span> <span class='ocrx_word' id='word_1_379' title='bbox 1762 3523 1903 3606; x_wconf 90' lang='grc' dir='ltr'><em>πατράσιν</em></span> 
     </span>
    </p>
   </div>
   <div class='ocr_carea' id='block_1_3' title="bbox 257 3649 1903 3735">
    <p class='ocr_par' dir='ltr' id='par_1_6' title="bbox 257 3649 1903 3735">
     <span class='ocr_line' id='line_1_26' title="bbox 257 3649 1903 3735; baseline -0.002 -17"><span class='ocrx_word' id='word_1_380' title='bbox 257 3653 350 3718; x_wconf 82' lang='grc' dir='ltr'><em>αῦτών</em></span> <span class='ocrx_word' id='word_1_381' title='bbox 369 3656 477 3725; x_wconf 86' lang='grc' dir='ltr'><em>δοῦναι,</em></span> <span class='ocrx_word' id='word_1_382' title='bbox 504 3655 553 3734; x_wconf 82' lang='grc' dir='ltr'><em>γήν</em></span> <span class='ocrx_word' id='word_1_383' title='bbox 573 3651 691 3733; x_wconf 73' lang='grc' dir='ltr'><em>ῥέουσαν</em></span> <span class='ocrx_word' id='word_1_384' title='bbox 709 3652 783 3735; x_wconf 85' lang='grc' dir='ltr'><em>γάλα</em></span> <span class='ocrx_word' id='word_1_385' title='bbox 802 3649 849 3716; x_wconf 97' lang='grc' dir='ltr'><em>καί</em></span> <span class='ocrx_word' id='word_1_386' title='bbox 871 3652 942 3735; x_wconf 74' lang='grc' dir='ltr'><em>μελε.</em></span> <span class='ocrx_word' id='word_1_387' title='bbox 965 3649 1012 3716; x_wconf 93' lang='grc' dir='ltr'><em>καί</em></span> <span class='ocrx_word' id='word_1_388' title='bbox 1031 3651 1169 3735; x_wconf 84' lang='grc' dir='ltr'><em>φαγόντες</em></span> <span class='ocrx_word' id='word_1_389' title='bbox 1186 3649 1234 3716; x_wconf 80' lang='grc' dir='ltr'><em>καί</em></span> <span class='ocrx_word' id='word_1_390' title='bbox 1253 3651 1457 3733; x_wconf 76' lang='grc' dir='ltr'><em>ε’μπλρσθίντες</em></span> <span class='ocrx_word' id='word_1_391' title='bbox 1476 3651 1712 3733; x_wconf 71' lang='grc' dir='ltr'><em>ε’γκαταλκίιμουσί</em></span> <span class='ocrx_word' id='word_1_392' title='bbox 1725 3676 1767 3732; x_wconf 90' lang='grc' dir='ltr'><em>με.</em></span> <span class='ocrx_word' id='word_1_393' title='bbox 1804 3653 1844 3716; x_wconf 89' lang='grc' dir='ltr'><em>Τί</em></span> <span class='ocrx_word' id='word_1_394' title='bbox 1859 3653 1903 3727; x_wconf 75' lang='grc' dir='ltr'><em>δίς</em></span> 
     </span>
    </p>
   </div>
   <div class='ocr_carea' id='block_1_4' title="bbox 257 3773 1902 3865">
    <p class='ocr_par' dir='ltr' id='par_1_7' title="bbox 257 3773 1902 3865">
     <span class='ocr_line' id='line_1_27' title="bbox 257 3773 1902 3865; baseline 0 -23"><span class='ocrx_word' id='word_1_395' title='bbox 257 3776 315 3862; x_wconf 82' lang='grc' dir='ltr'><em>οῦχί</em></span> <span class='ocrx_word' id='word_1_396' title='bbox 334 3775 382 3842; x_wconf 79' lang='grc' dir='ltr'><em>καί</em></span> <span class='ocrx_word' id='word_1_397' title='bbox 399 3782 524 3860; x_wconf 80' lang='grc' dir='ltr'><em>Μοιυσής</em></span> <span class='ocrx_word' id='word_1_398' title='bbox 544 3773 652 3861; x_wconf 91' lang='grc'><strong>(1706.</strong></span> <span class='ocrx_word' id='word_1_399' title='bbox 669 3774 768 3863; x_wconf 88' lang='grc' dir='ltr'><em>Μωσ.)</em></span> <span class='ocrx_word' id='word_1_400' title='bbox 789 3818 821 3828; x_wconf 94' lang='grc'><em>--</em></span> <span class='ocrx_word' id='word_1_401' title='bbox 840 3779 878 3851; x_wconf 86' lang='grc' dir='ltr'><em>εἰς</em></span> <span class='ocrx_word' id='word_1_402' title='bbox 896 3778 934 3844; x_wconf 84' lang='grc' dir='ltr'><em>τά</em></span> <span class='ocrx_word' id='word_1_403' title='bbox 954 3779 1024 3860; x_wconf 84' lang='grc' dir='ltr'><em>ἔθνη</em></span> <span class='ocrx_word' id='word_1_404' title='bbox 1043 3777 1139 3842; x_wconf 90' lang='grc' dir='ltr'><em>πάντα</em></span> <span class='ocrx_word' id='word_1_405' title='bbox 1158 3778 1315 3861; x_wconf 83' lang='grc' dir='ltr'><em>διασπορὰν</em></span> <span class='ocrx_word' id='word_1_406' title='bbox 1333 3777 1396 3843; x_wconf 86' lang='grc' dir='ltr'><em>--ὃ</em></span> <span class='ocrx_word' id='word_1_407' title='bbox 1415 3775 1444 3842; x_wconf 77' lang='grc' dir='ltr'><em>δὲ</em></span> <span class='ocrx_word' id='word_1_408' title='bbox 1459 3782 1585 3860; x_wconf 73' lang='grc' dir='ltr'><em>Μωυσῆς</em></span> <span class='ocrx_word' id='word_1_409' title='bbox 1599 3775 1645 3841; x_wconf 83' lang='grc' dir='ltr'><em>καί</em></span> <span class='ocrx_word' id='word_1_410' title='bbox 1659 3778 1686 3841; x_wconf 85' lang='grc' dir='ltr'><em>οί</em></span> <span class='ocrx_word' id='word_1_411' title='bbox 1701 3773 1807 3861; x_wconf 91' lang='grc'><strong>(1706.</strong></span> <span class='ocrx_word' id='word_1_412' title='bbox 1824 3776 1902 3865; x_wconf 88' lang='lat' dir='ltr'>om.)</span> 
     </span>
    </p>
   </div>
   <div class='ocr_carea' id='block_1_5' title="bbox 257 3900 1909 4627">
    <p class='ocr_par' dir='ltr' id='par_1_8' title="bbox 257 3900 1909 4627">
     <span class='ocr_line' id='line_1_28' title="bbox 258 3900 1903 3992; baseline -0.002 -22"><span class='ocrx_word' id='word_1_413' title='bbox 258 3905 337 3970; x_wconf 77' lang='grc' dir='ltr'><em>ἄλλοι</em></span> <span class='ocrx_word' id='word_1_414' title='bbox 355 3947 364 3956; x_wconf 92' lang='grc'>-</span> <span class='ocrx_word' id='word_1_415' title='bbox 379 3945 388 3954; x_wconf 94' lang='grc'>-</span> <span class='ocrx_word' id='word_1_416' title='bbox 403 3907 571 3988; x_wconf 83' lang='grc' dir='ltr'><em>προήδεισαν</em></span> <span class='ocrx_word' id='word_1_417' title='bbox 592 3900 699 3987; x_wconf 86' lang='grc'><strong>(1706.</strong></span> <span class='ocrx_word' id='word_1_418' title='bbox 716 3903 945 3992; x_wconf 73' lang='grc' dir='ltr'><em>προεγινωσκον)</em></span> <span class='ocrx_word' id='word_1_419' title='bbox 966 3910 1028 3978; x_wconf 83' lang='grc' dir='ltr'><em>πώς</em></span> <span class='ocrx_word' id='word_1_420' title='bbox 1047 3945 1080 3956; x_wconf 87' lang='grc'><em>--</em></span> <span class='ocrx_word' id='word_1_421' title='bbox 1099 3905 1135 3969; x_wconf 83' lang='grc' dir='ltr'><em>τά</em></span> <span class='ocrx_word' id='word_1_422' title='bbox 1155 3906 1272 3988; x_wconf 74' lang='grc' dir='ltr'><em>ἐσόμενα</em></span> <span class='ocrx_word' id='word_1_423' title='bbox 1288 3900 1396 3989; x_wconf 86' lang='grc'><strong>(1706.</strong></span> <span class='ocrx_word' id='word_1_424' title='bbox 1412 3903 1449 3969; x_wconf 86' lang='grc' dir='ltr'><em>τὰ</em></span> <span class='ocrx_word' id='word_1_425' title='bbox 1463 3904 1612 3988; x_wconf 82' lang='grc' dir='ltr'><em>μελλοντα)</em></span> <span class='ocrx_word' id='word_1_426' title='bbox 1627 3945 1636 3955; x_wconf 89' lang='grc'><strong>-</strong></span> <span class='ocrx_word' id='word_1_427' title='bbox 1652 3945 1660 3954; x_wconf 95' lang='grc'><strong>-</strong></span> <span class='ocrx_word' id='word_1_428' title='bbox 1675 3901 1723 3969; x_wconf 92' lang='grc' dir='ltr'><em>καί</em></span> <span class='ocrx_word' id='word_1_429' title='bbox 1733 3906 1782 3989; x_wconf 82' lang='grc' dir='ltr'><em>μίν</em></span> <span class='ocrx_word' id='word_1_430' title='bbox 1797 3902 1903 3988; x_wconf 88' lang='grc'><strong>(1706.</strong></span> 
     </span>
     <span class='ocr_line' id='line_1_29' title="bbox 257 4029 1905 4118; baseline 0 -19"><span class='ocrx_word' id='word_1_431' title='bbox 257 4029 363 4118; x_wconf 75' lang='grc' dir='ltr'><em>μέντοι)</em></span> <span class='ocrx_word' id='word_1_432' title='bbox 381 4058 410 4115; x_wconf 88' lang='grc' dir='ltr'><em>γε</em></span> <span class='ocrx_word' id='word_1_433' title='bbox 425 4029 472 4095; x_wconf 84' lang='grc' dir='ltr'><em>καί</em></span> <span class='ocrx_word' id='word_1_434' title='bbox 487 4031 519 4098; x_wconf 88' lang='grc' dir='ltr'><em>τὸ</em></span> <span class='ocrx_word' id='word_1_435' title='bbox 534 4032 676 4114; x_wconf 87' lang='grc' dir='ltr'><em>Ἐπείραζε</em></span> <span class='ocrx_word' id='word_1_436' title='bbox 695 4059 719 4096; x_wconf 91' lang='grc' dir='ltr'><em>τ.</em></span> <span class='ocrx_word' id='word_1_437' title='bbox 733 4032 811 4116; x_wconf 80' lang='grc' dir='ltr'><em>Ἁβρ.</em></span> <span class='ocrx_word' id='word_1_438' title='bbox 826 4030 874 4097; x_wconf 83' lang='grc' dir='ltr'><em>καί</em></span> <span class='ocrx_word' id='word_1_439' title='bbox 892 4032 925 4099; x_wconf 86' lang='grc' dir='ltr'><em>τὸ</em></span> <span class='ocrx_word' id='word_1_440' title='bbox 938 4032 1106 4117; x_wconf 83' lang='grc' dir='ltr'><em>Ὀσφράνθνγ</em></span> <span class='ocrx_word' id='word_1_441' title='bbox 1127 4029 1182 4117; x_wconf 69' lang='grc'><em>(**</em></span> <span class='ocrx_word' id='word_1_442' title='bbox 1199 4041 1230 4095; x_wconf 83' lang='lat' dir='ltr'><em>et</em></span> <span class='ocrx_word' id='word_1_443' title='bbox 1248 4031 1337 4095; x_wconf 88' lang='grc'><strong>1706.</strong></span> <span class='ocrx_word' id='word_1_444' title='bbox 1353 4029 1457 4117; x_wconf 87' lang='grc' dir='ltr'><em>ώσφρ.)</em></span> <span class='ocrx_word' id='word_1_445' title='bbox 1477 4030 1525 4096; x_wconf 83' lang='grc' dir='ltr'><em>καί</em></span> <span class='ocrx_word' id='word_1_446' title='bbox 1543 4031 1599 4099; x_wconf 83' lang='grc' dir='ltr'><em>ὅσα</em></span> <span class='ocrx_word' id='word_1_447' title='bbox 1616 4037 1747 4108; x_wconf 85' lang='grc' dir='ltr'><em>τοιαῦτα,</em></span> <span class='ocrx_word' id='word_1_448' title='bbox 1770 4059 1905 4118; x_wconf 86' lang='grc' dir='ltr'><em>συγκατα-</em></span> 
     </span>
     <span class='ocr_line' id='line_1_30' title="bbox 257 4155 1907 4245; baseline 0.001 -20"><span class='ocrx_word' id='word_1_449' title='bbox 257 4165 380 4245; x_wconf 75' lang='grc' dir='ltr'><em>βατοιοῦς</em></span> <span class='ocrx_word' id='word_1_450' title='bbox 403 4155 510 4243; x_wconf 87' lang='grc'><strong>(1706.</strong></span> <span class='ocrx_word' id='word_1_451' title='bbox 527 4155 706 4244; x_wconf 79' lang='grc' dir='ltr'><em>σωματικῶς)</em></span> <span class='ocrx_word' id='word_1_452' title='bbox 727 4158 772 4224; x_wconf 83' lang='grc' dir='ltr'><em>διά</em></span> <span class='ocrx_word' id='word_1_453' title='bbox 792 4200 824 4211; x_wconf 82' lang='grc'><em>·-</em></span> <span class='ocrx_word' id='word_1_454' title='bbox 839 4160 892 4244; x_wconf 86' lang='grc' dir='ltr'><em>Μή</em></span> <span class='ocrx_word' id='word_1_455' title='bbox 910 4159 1036 4245; x_wconf 88' lang='grc' dir='ltr'><em>φάγομαι</em></span> <span class='ocrx_word' id='word_1_456' title='bbox 1053 4163 1214 4242; x_wconf 74' lang='grc' dir='ltr'><em>--πιομαις</em></span> <span class='ocrx_word' id='word_1_457' title='bbox 1232 4157 1303 4226; x_wconf 82' lang='grc' dir='ltr'><em>ὅθεν</em></span> <span class='ocrx_word' id='word_1_458' title='bbox 1317 4159 1333 4226; x_wconf 85' lang='grc' dir='ltr'><strong>ὁ</strong></span> <span class='ocrx_word' id='word_1_459' title='bbox 1349 4161 1378 4237; x_wconf 73' lang='grc' dir='ltr'><em>ἐξ</em></span> <span class='ocrx_word' id='word_1_460' title='bbox 1393 4160 1478 4226; x_wconf 87' lang='grc' dir='ltr'><em>αῦτοῦ</em></span> <span class='ocrx_word' id='word_1_461' title='bbox 1494 4156 1600 4244; x_wconf 89' lang='grc'><strong>(1706.</strong></span> <span class='ocrx_word' id='word_1_462' title='bbox 1617 4160 1646 4237; x_wconf 78' lang='grc' dir='ltr'><em>ἕξ</em></span> <span class='ocrx_word' id='word_1_463' title='bbox 1661 4160 1722 4226; x_wconf 91' lang='grc' dir='ltr'><em>αῦτ.</em></span> <span class='ocrx_word' id='word_1_464' title='bbox 1737 4159 1765 4240; x_wconf 83' lang='grc' dir='ltr'><em>ὁ)</em></span> <span class='ocrx_word' id='word_1_465' title='bbox 1781 4160 1836 4244; x_wconf 84' lang='grc' dir='ltr'><em>πρὸ</em></span> <span class='ocrx_word' id='word_1_466' title='bbox 1850 4166 1907 4226; x_wconf 83' lang='grc' dir='ltr'><em>τιῦν</em></span> 
     </span>
     <span class='ocr_line' id='line_1_31' title="bbox 258 4281 1906 4374; baseline -0.001 -21"><span class='ocrx_word' id='word_1_467' title='bbox 258 4328 267 4337; x_wconf 88' lang='grc'><strong>-</strong></span> <span class='ocrx_word' id='word_1_468' title='bbox 283 4328 292 4337; x_wconf 94' lang='grc'>-</span> <span class='ocrx_word' id='word_1_469' title='bbox 307 4286 323 4353; x_wconf 84' lang='grc' dir='ltr'><strong>ὁ</strong></span> <span class='ocrx_word' id='word_1_470' title='bbox 338 4285 431 4371; x_wconf 87' lang='grc' dir='ltr'><em>πατήρ</em></span> <span class='ocrx_word' id='word_1_471' title='bbox 445 4285 521 4369; x_wconf 80' lang='grc' dir='ltr'><em>ῦμών</em></span> <span class='ocrx_word' id='word_1_472' title='bbox 536 4286 551 4352; x_wconf 86' lang='grc' dir='ltr'><strong>ὁ</strong></span> <span class='ocrx_word' id='word_1_473' title='bbox 567 4286 623 4370; x_wconf 84' lang='grc' dir='ltr'><em>οῦρ.</em></span> <span class='ocrx_word' id='word_1_474' title='bbox 639 4283 681 4352; x_wconf 83' lang='grc' dir='ltr'><em>ὅτι</em></span> <span class='ocrx_word' id='word_1_475' title='bbox 694 4314 737 4370; x_wconf 90' lang='grc' dir='ltr'><em>χρ.</em></span> <span class='ocrx_word' id='word_1_476' title='bbox 752 4288 825 4353; x_wconf 83' lang='grc' dir='ltr'><em>τοῦτ.</em></span> <span class='ocrx_word' id='word_1_477' title='bbox 840 4287 956 4353; x_wconf 83' lang='grc' dir='ltr'><em>πάντων</em></span> <span class='ocrx_word' id='word_1_478' title='bbox 973 4281 1080 4371; x_wconf 87' lang='grc'><strong>(1706.</strong></span> <span class='ocrx_word' id='word_1_479' title='bbox 1094 4284 1212 4373; x_wconf 84' lang='grc' dir='ltr'><em>άπάντ.)</em></span> <span class='ocrx_word' id='word_1_480' title='bbox 1229 4286 1294 4371; x_wconf 79' lang='grc' dir='ltr'><em>πρίν</em></span> <span class='ocrx_word' id='word_1_481' title='bbox 1310 4286 1395 4355; x_wconf 84' lang='grc' dir='ltr'><em>αιίτὸν</em></span> <span class='ocrx_word' id='word_1_482' title='bbox 1410 4285 1565 4373; x_wconf 78' lang='grc' dir='ltr'><em>αι’τήσιγσθε</em></span> <span class='ocrx_word' id='word_1_483' title='bbox 1581 4285 1688 4372; x_wconf 92' lang='grc'><strong>(1706.</strong></span> <span class='ocrx_word' id='word_1_484' title='bbox 1699 4283 1844 4374; x_wconf 79' lang='grc' dir='ltr'><em>σασθαι).</em></span> <span class='ocrx_word' id='word_1_485' title='bbox 1859 4286 1906 4352; x_wconf 81' lang='grc' dir='ltr'><em>καί</em></span> 
     </span>
     <span class='ocr_line' id='line_1_32' title="bbox 260 4409 1907 4501; baseline 0.001 -22"><span class='ocrx_word' id='word_1_486' title='bbox 260 4425 318 4488; x_wconf 75' lang='grc' dir='ltr'><em>τοῖς</em></span> <span class='ocrx_word' id='word_1_487' title='bbox 333 4411 441 4498; x_wconf 91' lang='grc'><strong>(1706.</strong></span> <span class='ocrx_word' id='word_1_488' title='bbox 457 4412 531 4477; x_wconf 85' lang='lat' dir='ltr'>add.</span> <span class='ocrx_word' id='word_1_489' title='bbox 547 4411 597 4499; x_wconf 85' lang='grc' dir='ltr'><em>μή)</em></span> <span class='ocrx_word' id='word_1_490' title='bbox 614 4415 767 4497; x_wconf 60' lang='grc' dir='ltr'><em>νομιζουσιν</em></span> <span class='ocrx_word' id='word_1_491' title='bbox 781 4411 874 4499; x_wconf 81' lang='grc' dir='ltr'><em>ὅτιμή·</em></span> <span class='ocrx_word' id='word_1_492' title='bbox 892 4409 999 4499; x_wconf 91' lang='grc'><strong>(1706.</strong></span> <span class='ocrx_word' id='word_1_493' title='bbox 1016 4412 1093 4501; x_wconf 88' lang='lat'>0111.)</span> <span class='ocrx_word' id='word_1_494' title='bbox 1109 4416 1206 4481; x_wconf 90' lang='grc' dir='ltr'><em>πάντα</em></span> <span class='ocrx_word' id='word_1_495' title='bbox 1220 4457 1229 4466; x_wconf 90' lang='grc'><strong>-</strong></span> <span class='ocrx_word' id='word_1_496' title='bbox 1244 4457 1253 4466; x_wconf 93' lang='grc'>-</span> <span class='ocrx_word' id='word_1_497' title='bbox 1269 4416 1410 4481; x_wconf 82' lang='grc' dir='ltr'><em>ἀποδώσει</em></span> <span class='ocrx_word' id='word_1_498' title='bbox 1426 4415 1533 4500; x_wconf 89' lang='grc'><strong>(1706.</strong></span> <span class='ocrx_word' id='word_1_499' title='bbox 1550 4414 1625 4480; x_wconf 83' lang='lat' dir='ltr'><strong>add.</strong></span> <span class='ocrx_word' id='word_1_500' title='bbox 1640 4413 1714 4498; x_wconf 85' lang='grc' dir='ltr'><em>ῦμῖν)</em></span> <span class='ocrx_word' id='word_1_501' title='bbox 1730 4415 1759 4479; x_wconf 80' lang='grc' dir='ltr'><em>ῦν</em></span> <span class='ocrx_word' id='word_1_502' title='bbox 1773 4455 1782 4465; x_wconf 91' lang='grc'><strong>-</strong></span> <span class='ocrx_word' id='word_1_503' title='bbox 1798 4456 1808 4465; x_wconf 87' lang='grc'><strong>-</strong></span> <span class='ocrx_word' id='word_1_504' title='bbox 1822 4415 1907 4499; x_wconf 77' lang='grc' dir='ltr'><em>διηγό</em></span> 
     </span>
     <span class='ocr_line' id='line_1_33' title="bbox 260 4536 1909 4627; baseline 0 -21"><span class='ocrx_word' id='word_1_505' title='bbox 260 4568 335 4624; x_wconf 91' lang='grc' dir='ltr'><em>ρευεν</em></span> <span class='ocrx_word' id='word_1_506' title='bbox 358 4536 465 4623; x_wconf 89' lang='grc'><strong>(1706.</strong></span> <span class='ocrx_word' id='word_1_507' title='bbox 482 4538 599 4626; x_wconf 88' lang='grc' dir='ltr'><em>-ρευσεν)</em></span> <span class='ocrx_word' id='word_1_508' title='bbox 623 4540 638 4607; x_wconf 89' lang='grc' dir='ltr'><strong>ὁ</strong></span> <span class='ocrx_word' id='word_1_509' title='bbox 661 4540 831 4615; x_wconf 81' lang='grc' dir='ltr'><em>θεόςἝλιος</em></span> <span class='ocrx_word' id='word_1_510' title='bbox 854 4538 961 4626; x_wconf 89' lang='grc'><strong>(1706.</strong></span> <span class='ocrx_word' id='word_1_511' title='bbox 976 4543 1036 4627; x_wconf 87' lang='grc' dir='ltr'><em>-ον)</em></span> <span class='ocrx_word' id='word_1_512' title='bbox 1060 4544 1137 4608; x_wconf 80' lang='grc' dir='ltr'><em>θελει</em></span> <span class='ocrx_word' id='word_1_513' title='bbox 1162 4539 1269 4627; x_wconf 90' lang='grc'><strong>(1706.</strong></span> <span class='ocrx_word' id='word_1_514' title='bbox 1286 4539 1394 4626; x_wconf 83' lang='grc' dir='ltr'><em>θίλοιν)</em></span> <span class='ocrx_word' id='word_1_515' title='bbox 1417 4540 1465 4606; x_wconf 81' lang='grc' dir='ltr'><em>καί</em></span> <span class='ocrx_word' id='word_1_516' title='bbox 1487 4543 1519 4607; x_wconf 86' lang='grc' dir='ltr'><em>οῦ</em></span> <span class='ocrx_word' id='word_1_517' title='bbox 1539 4545 1645 4616; x_wconf 91' lang='grc' dir='ltr'><em>θυσίας</em></span> <span class='ocrx_word' id='word_1_518' title='bbox 1668 4537 1775 4626; x_wconf 89' lang='grc'><strong>(1706.</strong></span> <span class='ocrx_word' id='word_1_519' title='bbox 1791 4545 1851 4608; x_wconf 91' lang='grc' dir='ltr'><em>-ίαν</em></span> <span class='ocrx_word' id='word_1_520' title='bbox 1873 4551 1909 4606; x_wconf 84' lang='lat' dir='ltr'><em>ut</em></span> 
     </span>
    </p>
   </div>
   <div class='ocr_carea' id='block_1_6' title="bbox 262 4765 1910 5091">
    <p class='ocr_par' dir='ltr' id='par_1_9' title="bbox 262 4765 1910 5091">
     <span class='ocr_line' id='line_1_34' title="bbox 315 4765 1600 4836; baseline -0.001 -16"><span class='ocrx_word' id='word_1_521' title='bbox 315 4773 332 4829; x_wconf 79' lang='lat'><em>¹)</em></span> <span class='ocrx_word' id='word_1_522' title='bbox 346 4766 451 4836; x_wconf 87' lang='lat' dir='ltr'><strong>Incipit</strong></span> <span class='ocrx_word' id='word_1_523' title='bbox 464 4765 491 4822; x_wconf 89' lang='lat' dir='ltr'><em>h.</em></span> <span class='ocrx_word' id='word_1_524' title='bbox 503 4765 639 4823; x_wconf 85' lang='lat' dir='ltr'>1.Homi1.</span> <span class='ocrx_word' id='word_1_525' title='bbox 651 4767 706 4836; x_wconf 86' lang='lat'>111,</span> <span class='ocrx_word' id='word_1_526' title='bbox 723 4769 763 4821; x_wconf 84' lang='lat'><em>39.</em></span> <span class='ocrx_word' id='word_1_527' title='bbox 795 4767 936 4824; x_wconf 85' lang='lat' dir='ltr'><strong>Convenit</strong></span> <span class='ocrx_word' id='word_1_528' title='bbox 953 4775 1048 4823; x_wconf 81' lang='lat' dir='ltr'><strong>autem</strong></span> <span class='ocrx_word' id='word_1_529' title='bbox 1174 4770 1193 4831; x_wconf 75' lang='lat'><em>³)</em></span> <span class='ocrx_word' id='word_1_530' title='bbox 1206 4765 1251 4821; x_wconf 81' lang='lat' dir='ltr'><em>cf.</em></span> <span class='ocrx_word' id='word_1_531' title='bbox 1264 4768 1301 4821; x_wconf 85' lang='lat' dir='ltr'><em>ad</em></span> <span class='ocrx_word' id='word_1_532' title='bbox 1313 4765 1386 4821; x_wconf 82' lang='lat' dir='ltr'><strong>haee</strong></span> <span class='ocrx_word' id='word_1_533' title='bbox 1397 4767 1480 4821; x_wconf 86' lang='lat' dir='ltr'><strong>Hom.</strong></span> <span class='ocrx_word' id='word_1_534' title='bbox 1490 4767 1546 4834; x_wconf 89' lang='lat'>111,</span> <span class='ocrx_word' id='word_1_535' title='bbox 1559 4767 1600 4821; x_wconf 82' lang='lat'><em>42.</em></span> 
     </span>
     <span class='ocr_line' id='line_1_35' title="bbox 262 4851 1908 4924; baseline 0.002 -20"><span class='ocrx_word' id='word_1_536' title='bbox 262 4851 334 4906; x_wconf 80' lang='lat' dir='ltr'><strong>haee</strong></span> <span class='ocrx_word' id='word_1_537' title='bbox 346 4858 441 4906; x_wconf 78' lang='lat' dir='ltr'><strong>textus</strong></span> <span class='ocrx_word' id='word_1_538' title='bbox 458 4868 526 4920; x_wconf 77' lang='lat' dir='ltr'><strong>pare</strong></span> <span class='ocrx_word' id='word_1_539' title='bbox 543 4858 694 4923; x_wconf 81' lang='lat' dir='ltr'><strong>tantopere</strong></span> <span class='ocrx_word' id='word_1_540' title='bbox 713 4868 776 4906; x_wconf 85' lang='lat' dir='ltr'><em>cum</em></span> <span class='ocrx_word' id='word_1_541' title='bbox 790 4851 912 4907; x_wconf 85' lang='lat' dir='ltr'><strong>Cedreni</strong></span> <span class='ocrx_word' id='word_1_542' title='bbox 928 4853 1001 4907; x_wconf 87' lang='lat' dir='ltr'>libro</span> <span class='ocrx_word' id='word_1_543' title='bbox 1018 4859 1050 4907; x_wconf 83' lang='lat' dir='ltr'><em>ut</em></span> <span class='ocrx_word' id='word_1_544' title='bbox 1173 4856 1195 4923; x_wconf 75' lang='lat'><em>⁴)</em></span> <span class='ocrx_word' id='word_1_545' title='bbox 1209 4851 1365 4924; x_wconf 80' lang='lat' dir='ltr'>Sequentia</span> <span class='ocrx_word' id='word_1_546' title='bbox 1381 4868 1472 4923; x_wconf 80' lang='lat' dir='ltr'><strong>usque</strong></span> <span class='ocrx_word' id='word_1_547' title='bbox 1490 4852 1556 4905; x_wconf 86' lang='lat' dir='ltr'><em>dum</em></span> <span class='ocrx_word' id='word_1_548' title='bbox 1574 4857 1618 4906; x_wconf 78' lang='lat' dir='ltr'><em>est</em></span> <span class='ocrx_word' id='word_1_549' title='bbox 1632 4855 1717 4915; x_wconf 72' lang='grc' dir='ltr'><em>Τιδὲς</em></span> <span class='ocrx_word' id='word_1_550' title='bbox 1735 4853 1764 4906; x_wconf 89' lang='lat' dir='ltr'><em>in</em></span> <span class='ocrx_word' id='word_1_551' title='bbox 1778 4851 1908 4907; x_wconf 85' lang='lat' dir='ltr'><strong>Cedreno</strong></span> 
     </span>
     <span class='ocr_line' id='line_1_36' title="bbox 262 4936 1909 5009; baseline -0.001 -17"><span class='ocrx_word' id='word_1_552' title='bbox 262 4954 297 4992; x_wconf 82' lang='lat' dir='ltr'><em>ea</em></span> <span class='ocrx_word' id='word_1_553' title='bbox 313 4943 425 4990; x_wconf 82' lang='lat' dir='ltr'><strong>tantum</strong></span> <span class='ocrx_word' id='word_1_554' title='bbox 441 4936 602 4991; x_wconf 81' lang='lat' dir='ltr'><strong>exscribere</strong></span> <span class='ocrx_word' id='word_1_555' title='bbox 621 4944 749 5007; x_wconf 82' lang='lat' dir='ltr'><strong>praestet</strong></span> <span class='ocrx_word' id='word_1_556' title='bbox 765 4954 839 5009; x_wconf 82' lang='lat' dir='ltr'><strong>quae</strong></span> <span class='ocrx_word' id='word_1_557' title='bbox 857 4939 1050 5009; x_wconf 82' lang='lat' dir='ltr'>aliquomodo</span> <span class='ocrx_word' id='word_1_558' title='bbox 1123 4955 1181 4992; x_wconf 88' lang='lat' dir='ltr'><em>non</em></span> <span class='ocrx_word' id='word_1_559' title='bbox 1204 4937 1352 5007; x_wconf 78' lang='lat' dir='ltr'><strong>leguntur3</strong></span> <span class='ocrx_word' id='word_1_560' title='bbox 1377 4937 1481 4990; x_wconf 82' lang='lat' dir='ltr'><strong>desunt</strong></span> <span class='ocrx_word' id='word_1_561' title='bbox 1502 4938 1587 4991; x_wconf 80' lang='lat' dir='ltr'><strong>etiam</strong></span> <span class='ocrx_word' id='word_1_562' title='bbox 1608 4938 1637 4990; x_wconf 89' lang='lat' dir='ltr'><em>in</em></span> <span class='ocrx_word' id='word_1_563' title='bbox 1658 4939 1721 4992; x_wconf 84' lang='lat' dir='ltr'>cod.</span> <span class='ocrx_word' id='word_1_564' title='bbox 1744 4937 1814 5008; x_wconf 90' lang='lat' dir='ltr'>Imp.</span> <span class='ocrx_word' id='word_1_565' title='bbox 1836 4937 1909 4992; x_wconf 78' lang='lat'>1706.</span> 
     </span>
     <span class='ocr_line' id='line_1_37' title="bbox 263 5020 1910 5091; baseline 0.001 -17"><span class='ocrx_word' id='word_1_566' title='bbox 263 5020 397 5075; x_wconf 79' lang='lat' dir='ltr'><strong>differant</strong></span> <span class='ocrx_word' id='word_1_567' title='bbox 408 5022 453 5075; x_wconf 85' lang='lat' dir='ltr'><em>vel</em></span> <span class='ocrx_word' id='word_1_568' title='bbox 466 5021 502 5074; x_wconf 80' lang='lat' dir='ltr'><em>ed</em></span> <span class='ocrx_word' id='word_1_569' title='bbox 520 5022 723 5091; x_wconf 80' lang='lat' dir='ltr'><strong>corrigendum</strong></span> <span class='ocrx_word' id='word_1_570' title='bbox 735 5021 925 5076; x_wconf 84' lang='lat' dir='ltr'><strong>Homiliarum</strong></span> <span class='ocrx_word' id='word_1_571' title='bbox 942 5029 1050 5078; x_wconf 80' lang='lat' dir='ltr'><strong>textum</strong></span> <span class='ocrx_word' id='word_1_572' title='bbox 1123 5022 1232 5075; x_wconf 86' lang='lat' dir='ltr'>Prima:</span> <span class='ocrx_word' id='word_1_573' title='bbox 1251 5021 1388 5074; x_wconf 73' lang='grc' dir='ltr'><em>οὔπω-τοῦ</em></span> <span class='ocrx_word' id='word_1_574' title='bbox 1404 5025 1449 5074; x_wconf 80' lang='grc' dir='ltr'><em>νῦν</em></span> <span class='ocrx_word' id='word_1_575' title='bbox 1467 5038 1532 5075; x_wconf 87' lang='lat' dir='ltr'><em>cum</em></span> <span class='ocrx_word' id='word_1_576' title='bbox 1544 5020 1649 5075; x_wconf 89' lang='lat' dir='ltr'>Homil.</span> <span class='ocrx_word' id='word_1_577' title='bbox 1667 5022 1685 5078; x_wconf 89' lang='grc' dir='ltr'><em>Ι.</em></span> <span class='ocrx_word' id='word_1_578' title='bbox 1698 5021 1716 5077; x_wconf 93' lang='lat' dir='ltr'><em>l.</em></span> <span class='ocrx_word' id='word_1_579' title='bbox 1731 5020 1910 5077; x_wconf 82' lang='lat' dir='ltr'><strong>conveniunt.</strong></span> 
     </span>
    </p>
   </div>
   <div class='ocr_carea' id='block_1_7' title="bbox 263 5104 1674 5257">
    <p class='ocr_par' dir='ltr' id='par_1_10' title="bbox 263 5104 1674 5257">
     <span class='ocr_line' id='line_1_38' title="bbox 263 5104 1674 5176; baseline 0.002 -18"><span class='ocrx_word' id='word_1_580' title='bbox 263 5107 358 5161; x_wconf 82' lang='lat' dir='ltr'><strong>velere</strong></span> <span class='ocrx_word' id='word_1_581' title='bbox 370 5105 529 5161; x_wconf 83' lang='lat' dir='ltr'><strong>videantur.</strong></span> <span class='ocrx_word' id='word_1_582' title='bbox 1125 5104 1229 5161; x_wconf 83' lang='lat' dir='ltr'><strong>Cetera</strong></span> <span class='ocrx_word' id='word_1_583' title='bbox 1242 5105 1278 5162; x_wconf 85' lang='lat' dir='ltr'><em>cf.</em></span> <span class='ocrx_word' id='word_1_584' title='bbox 1292 5124 1355 5161; x_wconf 85' lang='lat' dir='ltr'><em>cum</em></span> <span class='ocrx_word' id='word_1_585' title='bbox 1369 5106 1485 5162; x_wconf 81' lang='lat' dir='ltr'><strong>Denter.</strong></span> <span class='ocrx_word' id='word_1_586' title='bbox 1497 5107 1544 5176; x_wconf 87' lang='lat'><em>31,</em></span> <span class='ocrx_word' id='word_1_587' title='bbox 1558 5107 1674 5162; x_wconf 81' lang='lat'>16-21.</span> 
     </span>
     <span class='ocr_line' id='line_1_39' title="bbox 314 5188 767 5257; baseline -0.002 -13"><span class='ocrx_word' id='word_1_588' title='bbox 314 5194 333 5255; x_wconf 80' lang='lat'><em>¹)</em></span> <span class='ocrx_word' id='word_1_589' title='bbox 348 5188 391 5244; x_wconf 88' lang='lat' dir='ltr'><em>Cf.</em></span> <span class='ocrx_word' id='word_1_590' title='bbox 405 5191 527 5245; x_wconf 79' lang='lat' dir='ltr'><strong>adhaec</strong></span> <span class='ocrx_word' id='word_1_591' title='bbox 541 5190 644 5244; x_wconf 88' lang='lat' dir='ltr'>Homil.</span> <span class='ocrx_word' id='word_1_592' title='bbox 658 5191 713 5257; x_wconf 85' lang='grc' dir='ltr'>ΙΙΙ,</span> <span class='ocrx_word' id='word_1_593' title='bbox 725 5192 767 5244; x_wconf 77' lang='lat'>4‘2.</span> 
     </span>
    </p>
   </div>
   <div class='ocr_carea' id='block_1_8' title="bbox 1577 5320 1606 5365">
    <p class='ocr_par' dir='ltr' id='par_1_11' title="bbox 1577 5320 1606 5365">
     <span class='ocr_line' id='line_1_40' title="bbox 1577 5320 1606 5365; baseline -0.034 0"><span class='ocrx_word' id='word_1_594' title='bbox 1577 5320 1606 5365; x_wconf 83' lang='lat'><em>1³</em></span> 
     </span>
    </p>
   </div>
   <div class='ocr_carea' id='block_1_9' title="bbox 0 0 2412 6194">
    <p class='ocr_par' dir='ltr' id='par_1_12' title="bbox 0 0 2412 6194">
     <span class='ocr_line' id='line_1_41' title="bbox 0 0 2412 6194; baseline 0 0"><span class='ocrx_word' id='word_1_595' title='bbox 0 0 2412 6194; x_wconf 95' lang='lat' dir='ltr'><em> </em></span> 
     </span>
    </p>
   </div>
  </div>
 </body>
</html>
