4756 6194
918 1720 1406 1819 PRAEFATIO.

447 2144 535 2223 Quae
548 2145 609 2210 hoc
623 2144 781 2210 volumine
796 2145 1010 2224 continentur,
1038 2143 1072 2208 in
1086 2143 1165 2209 duas
1186 2147 1293 2226 partes
1309 2142 1406 2208 dividi
1420 2147 1568 2225 possunt,
1599 2161 1732 2224 quarum
1751 2143 1852 2208 altera
1870 2144 1903 2208 in
1927 2144 1983 2210 de·

343 2280 517 2345 scribendis
532 2283 678 2344 versatur
692 2279 780 2345 libris
796 2279 922 2362 scriptis
937 2298 1008 2345 mea
1022 2297 1120 2362 opera
1134 2298 1172 2345 ex
1187 2279 1309 2344 oriente
1324 2279 1357 2343 in
1370 2279 1532 2361 Europam
1546 2278 1701 2358 advectis
1721 2279 1822 2344 altera
1837 2286 1985 2363 excerpta

342 2434 381 2481 ex
403 2415 497 2480 uariis
519 2416 669 2497 Europae
692 2420 725 2481 et
750 2415 881 2481 orientis
908 2415 1068 2483 codicibus
1095 2414 1323 2497 complectitur.
1366 2415 1455 2479 Inter
1480 2418 1647 2495 utramque
1672 2432 1749 2480 vero
1775 2418 1898 2497 partem
1922 2416 1983 2482 hoe

341 2551 509 2616 intercedit
523 2550 736 2617 similitudinis
752 2551 836 2633 quod
850 2550 974 2617 codices
995 2550 1111 2632 prioris
1131 2550 1247 2631 partis,
1270 2549 1323 2614 ubi
1339 2568 1378 2615 er
1396 2549 1627 2628 recidebatur,
1644 2549 1739 2614 etiam
1761 2557 1982 2634 excernuntur,

341 2704 377 2752 ue
405 2705 517 2752 rursus
545 2686 569 2751 ii
597 2687 680 2752 unde
708 2687 886 2769 posteriore
911 2690 1002 2768 parte
1027 2690 1176 2768 excerpta
1201 2683 1376 2750 afferuntur
1399 2685 1543 2767 plerique
1569 2690 1715 2751 accurate
1741 2686 1836 2751 etiam
1861 2687 1982 2753 descri-

340 2821 467 2888 buntur.

444 2957 530 3035 Quos
553 2957 677 3023 codices
698 2956 806 3039 priore
827 2962 918 3038 parte
940 2957 1120 3039 complexus
1143 2976 1227 3037 sum,
1249 2956 1272 3021 ii
1293 2956 1334 3021 ad
1358 2955 1437 3023 duas
1460 2955 1661 3022 collectiones
1682 2957 1855 3039 pertinent:
1882 2959 1984 3023 altera

337 3092 452 3158 itinere
479 3092 624 3158 orientali
649 3111 720 3158 meo
749 3091 887 3157 secundo
914 3097 987 3157 ante
1013 3092 1172 3158 biennium
1199 3098 1382 3174 comparata
1402 3092 1572 3157 etiamnum
1597 3111 1744 3175 magnam
1769 3097 1892 3176 partem
1913 3113 1984 3160 mea

339 3232 402 3309 est,
422 3227 581 3293 nonnullis
602 3227 714 3293 Museo
737 3227 934 3307 Britannico,
965 3227 1035 3293 aliis
1057 3227 1265 3293 bibliothecae
1287 3228 1478 3294 Bodleianae
1500 3229 1680 3310 nuperrime
1703 3229 1852 3311 cessis*);
1883 3230 1983 3295 altera

338 3382 419 3429 anno
441 3361 758 3428 MDCCCXXXXIV.
781 3383 820 3429 ex
842 3362 963 3429 oriente
990 3362 1087 3428 allata
1108 3367 1142 3428 et
1162 3381 1263 3446 nuper
1285 3363 1509 3429 additamentis
1535 3369 1642 3446 aucta,
1672 3364 1812 3447 exceptis
1832 3369 1982 3446 quattuor

338 3498 426 3564 libris
448 3498 604 3564 Dresdam
633 3498 752 3577 missis,
783 3498 824 3562 ad
848 3497 1070 3564 bibliothecam
1095 3498 1311 3564 universitatis
1338 3499 1514 3581 Lipsiensis
1540 3499 1676 3564 transiit.
1719 3499 1812 3565 Prior
1838 3500 1981 3566 collectio

338 3634 463 3700 codices
479 3633 716 3717 comprehendit
730 3633 792 3699 duo
809 3637 841 3700 et
854 3633 999 3716 triginta,
1022 3633 1160 3699 Graecos
1184 3635 1448 3715 quattuordecim,
1472 3633 1618 3718 Syriacos
1641 3635 1718 3715 duo,
1740 3635 1893 3701 Arabicos
1908 3634 1981 3716 duo,

336 3769 560 3836 Rabbaniticos
588 3775 621 3835 et
646 3769 840 3849 KaraiticoS,
866 3769 1022 3835 Hebraeis
1048 3769 1119 3836 illos
1148 3769 1274 3851 quidem
1300 3769 1415 3836 litteris
1438 3770 1494 3836 sed
1521 3771 1690 3853 plerosque
1711 3770 1848 3835 Arabica
1873 3770 1981 3852 lingua

337 3906 547 3988 conscriptoS,
577 3905 838 3987 quattuordecim.
892 3905 1004 3970 Altera
1033 3904 1176 3971 collectio
1206 3904 1330 3971 codices
1361 3906 1526 3988 sexaginta
1554 3911 1704 3987 quattuor
1734 3905 1980 3988 comprehendit,

337 4038 476 4106 Graecos
498 4040 663 4120 tredecim,
690 4039 836 4122 Syriacos
859 4040 1011 4122 quinque,
1037 4038 1185 4123 Coptieos
1208 4039 1374 4121 tredecim,
1400 4040 1554 4106 Arabicos
1577 4047 1664 4122 octo,
1692 4042 1866 4124 Georgicos
1888 4043 1980 4124 quin·

337 4193 412 4256 que,
441 4174 661 4241 Hebraeorum
682 4174 836 4241 Arabicos
862 4176 1014 4257 quinque,
1044 4194 1240 4259 papyraceos
1267 4174 1399 4258 Coptice
1427 4174 1672 4260 Hieroglyphice
1696 4177 1817 4244 Graece
1843 4177 1979 4260 scriptos

337 4327 393 4376 sex
415 4329 486 4376 cum
507 4309 613 4376 linteis
635 4309 820 4394 fragmentis
838 4310 999 4377 Hieratice
1022 4312 1164 4394 scriptis3
1186 4311 1263 4376 item
1277 4311 1482 4394 Abyssinicos
1505 4313 1643 4394 quinque
1666 4318 1699 4378 et
1719 4313 1872 4378 Arabicos
1894 4312 1979 4376 Dru-

335 4445 441 4512 sianos
466 4452 543 4512 tres.
587 4446 727 4525 Quarum
752 4447 786 4510 in
811 4450 945 4528 utraque
972 4446 1155 4512 collectione
1182 4446 1306 4512 codices
1333 4446 1499 4513 duodecim
1525 4453 1600 4513 sunt
1625 4447 1836 4530 palimpsesti,
1866 4465 1979 4512 novem

333 4581 469 4664 primum
484 4581 620 4662 Graece,
642 4582 705 4647 duo
720 4581 857 4664 primum
872 4580 1001 4664 Syriaco
1016 4582 1141 4665 scripti;
1166 4600 1247 4647 unus
1270 4600 1345 4648 vero
1369 4601 1408 4648 ex
1429 4582 1614 4664 fragmentis
1636 4582 1849 4665 palimpsestis
1871 4582 1981 4664 lingua

334 4720 368 4783 et
389 4717 512 4783 ratione
535 4717 614 4783 satis
637 4717 721 4782 inter
742 4735 777 4781 so
799 4716 933 4783 diversis
956 4717 1150 4800 compositus
1173 4722 1232 4783 est.
1274 4718 1324 4782 Ex
1347 4717 1478 4784 Graecis
1500 4722 1566 4783 tres
1589 4718 1735 4800 rescripti
1758 4725 1833 4783 sunt
1847 4717 1980 4798 Graece,

333 4870 414 4918 unus
436 4852 587 4933 Arabice,
613 4871 695 4918 unus
723 4851 902 4933 Slavonice,
929 4858 1079 4935 quattuor
1101 4852 1267 4935 Georgice.
1310 4853 1391 4918 Item
1414 4852 1562 4935 Syriacus
1589 4858 1724 4935 uterque
1747 4853 1901 4935 Georgica
1928 4872 1979 4920 re·

333 4988 469 5070 scriptus
497 4992 556 5053 est.
611 4987 760 5053 Cetemm
789 4988 822 5053 hi
854 4989 993 5070 codiceS,
1021 4990 1106 5055 inter
1136 5007 1216 5070 quos
1245 4988 1383 5054 eminent
1412 4987 1525 5054 Graeci
1554 4989 1773 5070 antiquissimo
1802 4989 1980 5055 litterarum

432 5210 458 5280 ⁴)
475 5207 540 5264 Hoc
556 5211 594 5264 ad
613 5224 684 5280 qnos
701 5208 816 5265 codices
833 5213 957 5279 spectet,
974 5208 1130 5263 indicatum
1145 5208 1210 5262 vide
1227 5209 1256 5262 in
1272 5207 1338 5263 libri
1354 5207 1456 5263 indice.
