4756 6194
591 1321 718 1402 MAN
722 1320 998 1403 USORIPTA
1034 1322 1572 1406 TISOHENDORFIANA

512 1539 896 1616 BIBLIOTHEOAE
933 1540 1327 1620 UNIVERSITATIS
1362 1543 1652 1621 LIPSIENSIS.

923 1813 964 1879 A.
1017 1813 1242 1881 GRAECA.

368 2034 458 2099 Cod.
480 2034 687 2100 Tischend.
705 2032 802 2121 11.*).
846 2034 941 2102 Folia
965 2045 1041 2101 sunt
1059 2037 1101 2101 22
1123 2037 1372 2104 membranacea
1390 2038 1603 2126 palimpsesta
1621 2039 1747 2105 formae
1762 2039 1905 2126 majoris,

259 2163 368 2248 priore
389 2163 551 2250 scriptura
571 2161 712 2245 Graeca,
734 2164 917 2250 posteriore
934 2160 1089 2230 Arabica.
1131 2163 1266 2251 Aliquot
1284 2165 1364 2231 folia
1384 2187 1426 2230 ex
1439 2165 1573 2232 madore
1588 2164 1672 2231 male
1688 2166 1806 2230 affecta
1821 2175 1905 2248 sunt,

260 2291 337 2354 item
357 2289 433 2354 inde
453 2289 542 2376 quod
558 2299 674 2377 postea
693 2290 736 2355 ad
755 2290 1029 2377 compingendum
1048 2289 1147 2356 alium
1166 2290 1285 2357 librum
1305 2291 1453 2360 adhibita
1473 2302 1557 2376 sunt,
1579 2294 1734 2359 resecatis
1754 2294 1906 2377 margini·

261 2416 331 2500 bus,
352 2419 477 2504 passim
498 2419 595 2483 etiam
615 2417 715 2482 clavis
736 2417 873 2483 defictis.
915 2416 1046 2482 Foliad
1066 2441 1083 2483 e
1105 2419 1231 2484 duabus
1250 2418 1398 2506 partibus
1419 2431 1532 2486 sutura
1547 2422 1729 2509 conjunctis
1745 2430 1904 2486 constant.

260 2545 442 2631 Supersunt
461 2544 512 2610 his
533 2544 620 2610 foliis
640 2544 682 2609 22
702 2544 858 2631 reliquiae
875 2545 1012 2610 duorum
1028 2545 1177 2611 codicum
1194 2544 1396 2613 Graecorum
1411 2549 1540 2636 septimi
1555 2549 1624 2614 fere
1640 2547 1772 2613 saeculi.
1814 2546 1907 2612 Alter

260 2683 330 2737 erat
351 2673 534 2758 argumenti
556 2671 686 2754 biblici,
711 2672 793 2739 alter
814 2673 1028 2758 grammatici.
1082 2672 1216 2739 Codicis
1239 2673 1350 2739 biblici
1370 2673 1449 2740 folia
1472 2686 1648 2763 supersunt
1669 2675 1905 2763 septendecim:

259 2801 393 2886 Iusque
409 2800 502 2881 XVI,
526 2803 604 2865 item
619 2799 748 2884 XVIII3
771 2801 976 2886 grammatici
996 2800 1151 2887 quinque:
1178 2800 1285 2866 XVII.
1305 2802 1389 2867 XIX
1407 2825 1511 2890 usque
1531 2803 1641 2868 XXII.
1660 2825 1733 2868 oum
1752 2803 1907 2868 inferiore

260 2939 352 3014 parte
368 2927 438 2992 folii
453 2926 525 2991 XV.
552 2928 751 3013 Fragmenta
764 2926 885 2993 biblica
900 2927 942 2993 ad
957 2926 1058 2992 libros
1075 2937 1227 3014 quattuor
1240 2930 1411 3015 pertinent,
1436 2926 1468 3015 1)
1484 2929 1527 2995 ad
1541 2928 1659 2994 librum
1673 2930 1906 2995 Numerorum:

263 3055 300 3136 V,
319 3056 466 3120 17-18,
490 3054 625 3120 24-25.
648 3055 722 3137 VH,
740 3055 882 3119 18-19.
898 3055 1042 3120 30-31.
1067 3054 1208 3120 35-47.
1223 3056 1295 3138 XV,
1322 3056 1464 3121 11-24.
1487 3056 1627 3139 XXVII,
1653 3056 1907 3139 1-ΧΧΙΧ,2.

261 3182 400 3264 XXXV,
422 3182 556 3247 19-22.
575 3181 711 3247 28-31.
753 3179 788 3268 2)
812 3180 855 3247 ad
873 3182 1181 3247 Deuteronomium:
1205 3182 1299 3246 8-9.
1321 3183 1455 3249 15-19.
1474 3184 1534 3266 IX,
1556 3183 1907 3265 1-1o.XV111,21-

261 3310 352 3392 ΧΙΧ,
370 3311 398 3374 1.
418 3309 512 3373 6-9.
526 3309 623 3392 XXI,
643 3308 756 3373 8-12.
799 3309 834 3395 3)
859 3310 901 3375 ad
920 3309 1039 3375 librum
1051 3309 1191 3375 Josuae:
1214 3309 1256 3391 X,
1271 3309 1414 3393 39—XI,
1432 3310 1481 3374 16.
1497 3311 1574 3392 XII,
1590 3311 1704 3375 2-15.
1720 3310 1829 3393 XXII,
1845 3311 1907 3376 t-

260 3439 311 3503 23.
354 3436 390 3523 4)
413 3436 456 3502 ad
474 3435 593 3502 librum
610 3435 779 3502 Judicum:
801 3436 865 3519 XI,
885 3435 1165 3519 24-34.XV111,
1185 3437 1300 3502 2-20,
1344 3436 1513 3524 Scriptura
1532 3437 1669 3503 uncialis
1690 3460 1754 3524 qua
1774 3450 1908 3503 exarata

261 3575 335 3630 sunt
357 3566 479 3630 formas
503 3586 632 3629 crassas
656 3563 715 3628 sed
737 3564 847 3628 firmas
872 3563 1035 3650 ductuque
1057 3563 1147 3629 facili
1167 3563 1266 3630 habet
1287 3574 1320 3630 et
1340 3564 1529 3631 accentibus
1552 3587 1657 3630 vacua
1678 3575 1737 3630 est.
1782 3565 1906 3630 Textus

260 3691 437 3756 admodum
454 3690 628 3777 peculiaris
648 3700 711 3773 est,
735 3692 876 3756 maxime
894 3713 954 3777 per
968 3690 1086 3756 librum
1100 3691 1233 3758 Josuae.
1276 3691 1351 3758 Hoc
1365 3693 1437 3778 ipso
1453 3715 1540 3757 anno
1560 3693 1668 3758 omnia
1682 3693 1763 3758 haec
1778 3693 1907 3757 Veteris

261 3818 461 3883 Testamenti
481 3817 665 3902 fragmenta
683 3817 820 3883 edentur
839 3820 874 3882 in
893 3840 979 3883 nova
998 3842 1072 3884 mea
1091 3818 1282 3884 collectione
1300 3818 1586 3884 Monumentorum
1601 3842 1684 3884 sacr.
1700 3820 1906 3902 ineditorum,

261 3944 424 4011 volumine
439 3946 554 4032 primo,
570 3945 627 4010 ubi
643 3946 740 4011 etiam
757 3947 938 4032 scripturae
955 3948 1121 4032 specimen
1136 3946 1275 4011 dabitur.

366 4071 420 4137 Ab
435 4071 486 4138 his
501 4071 597 4156 foliis,
614 4082 649 4138 ut
664 4073 742 4155 dixi,
758 4073 912 4138 differunt
925 4072 1052 4159 reliqua
1072 4074 1213 4160 quinque
1229 4095 1303 4137 cum
1316 4083 1410 4159 parte
1424 4072 1495 4138 folii
1509 4073 1582 4138 XV.
1625 4075 1664 4139 In
1679 4073 1730 4139 his
1747 4075 1908 4161 scriptura

261 4201 368 4287 paullo
392 4201 498 4266 minor
520 4212 552 4266 ct
573 4200 727 4286 gracilior
750 4210 813 4283 est,
837 4201 895 4266 sed
915 4200 1039 4286 etipsa
1058 4199 1246 4265 accentibus
1266 4210 1374 4281 vacat,
1397 4223 1457 4264 nec
1478 4199 1654 4286 habetque
1671 4203 1785 4266 aetatis
1801 4201 1906 4266 diver·

262 4331 389 4394 sitatem
411 4327 537 4415 prodat
582 4326 697 4393 Codex
711 4329 739 4392 is
756 4328 798 4393 ad
813 4349 909 4414 quem
930 4326 1006 4390 olim
1026 4326 1233 4413 pertinebant
1251 4328 1385 4392 minoris
1400 4328 1526 4392 formae
1541 4328 1644 4394 fuisse
1659 4329 1802 4411 videtur3
1824 4326 1907 4393 haec

261 4458 346 4521 enim
362 4455 442 4521 folia
456 4456 565 4520 omnia
579 4453 705 4521 duabus
720 4453 870 4541 partibus
887 4455 1032 4518 consutis
1049 4464 1208 4519 constant.
1247 4453 1382 4537 Textus,
1398 4455 1490 4519 cuius
1506 4465 1732 4540 argumentum
1747 4477 1906 4538 gramma·

364 4642 387 4710 ⁸)
409 4638 491 4694 Cod.
503 4638 618 4693 Tisch.
634 4638 656 4692 1.
692 4637 853 4709 fragmenta
870 4636 1011 4711 evangelii
1027 4636 1180 4692 Matthaei:
1200 4637 1240 4704 14,
1252 4637 1344 4691 8-29.
1358 4639 1397 4705 15,
1409 4637 1503 4692 4-14.
1516 4638 1567 4705 113,
1577 4637 1697 4704 stt-atq
1711 4637 1833 4708 septimo
1846 4637 1906 4693 fere

261 4725 378 4780 saeculo
396 4725 502 4795 scripta
519 4723 660 4792 continet,
679 4741 753 4796 quae
772 4739 835 4777 cum
855 4724 928 4794 siglo
948 4727 971 4776 Θ
990 4724 1018 4776 in
1039 4722 1161 4776 indicem
1182 4722 1311 4776 criticum
1329 4722 1403 4778 Novi
1417 4723 1594 4777 Testamenti
1612 4729 1728 4793 recepta
1741 4722 1819 4777 edidi
1833 4724 1908 4778 1846.

261 4811 290 4863 in
306 4809 498 4865 Monumentis
520 4826 592 4865 sacr.
615 4809 691 4862 ined.
709 4825 775 4879 pag.
789 4809 879 4862 1-10.
899 4808 998 4862 addito
1015 4806 1149 4861 faosimili
1167 4807 1224 4862 tab.
1241 4806 1263 4861 1.
1281 4824 1322 4861 nr.
1341 4808 1364 4860 l.
1397 4806 1638 4862 Pretiosissimum
1656 4824 1723 4863 vero
1741 4807 1907 4863 thesaurum

262 4893 345 4965 huJus
362 4894 499 4949 librorum
515 4911 580 4949 mss.
598 4893 776 4949 collectionis
793 4910 850 4947 non
864 4910 925 4948 meo
939 4893 989 4946 sed
1003 4909 1111 4946 summo
1124 4891 1237 4947 nomine
1250 4890 1390 4946 Frideriei
1402 4891 1527 4962 Augusti
1540 4891 1753 4947 clementissimi
1766 4892 1907 4950 saxoniae

261 4978 336 5050 regis
355 4978 500 5049 insignivi.
540 4976 676 5034 Oodicem
698 4978 763 5032 dico
785 4976 1253 5048 Triderico-Augustanum,
1278 4994 1334 5048 quo
1356 4975 1547 5047 antiquiorem
1567 4976 1677 5030 nullum
1691 4977 1766 5033 inter
1783 4979 1898 5034 codices

262 5064 389 5118 Graecos
407 5063 638 5118 membranaceos
655 5062 684 5115 in
696 5061 829 5132 Europae
847 5061 1030 5119 bibliothecis
1048 5061 1115 5114 vidi.
1151 5062 1256 5115 Totum
1269 5059 1357 5130 lapidi
1370 5060 1491 5115 incisum
1501 5060 1580 5116 edidi
1591 5061 1708 5131 Lipsiae
1721 5062 1796 5118 1846.
1833 5060 1906 5120 Con·

262 5150 334 5204 tinet
352 5147 537 5215 tentanti,
553 5147 716 5215 aa-lass.
734 5147 844 5202 2Esdr.
856 5148 881 5214 9,
900 5147 917 5199 9
934 5163 1024 5217 usque
1042 5145 1142 5213 fincm3
1167 5146 1322 5202 Nehemiae
1343 5151 1371 5201 et
1386 5145 1526 5200 Estherae
1543 5146 1632 5201 libros
1650 5152 1727 5202 totos
1744 5163 1809 5202 cnm
1825 5154 1907 5218 parte

262 5235 326 5289 libri
339 5234 459 5300 Tobiae,
472 5232 538 5287 itera
550 5232 654 5288 desem.
669 5233 708 5302 10,
720 5232 754 5286 ’ὶό
765 5249 857 5304 usque
869 5230 954 5287 tinem
966 5240 995 5287 et
1008 5231 1140 5287 Threnos
1153 5247 1243 5302 usque
1255 5231 1280 5300 2,
1292 5230 1332 5284 20.

1587 5342 1601 5387 3
