4756 6194
508 431 550 497 48

511 641 593 700 τοῦτο
615 638 697 701 πάσα
715 638 773 698 τῶν
791 631 979 716 ὁπερκοσμάον
993 632 1009 716 ή
1025 632 1106 717 νοητίγ
1122 632 1301 716 διακόσμησις

511 763 603 835 ἀόλως
628 761 782 843 ἑστιωμένη.
808 758 952 843 τεκμήριον
974 759 1176 845 ε’ναργίστατόν
1202 786 1232 824 τε
1253 756 1301 824 καί

512 891 721 974 ἀψευδέστατον
749 891 862 953 τίθεται
887 892 937 972 τῆς
965 883 1029 973 περί
1053 886 1128 971 ἡμᾶς
1148 891 1198 953 τοῦ
1219 884 1301 970 λόγον

511 1019 737 1102 φιλανθρωπίας.
761 1015 810 1080 οῦκ
833 1015 891 1080 ἔστι
908 1018 966 1081 τῶν
984 1013 1014 1078 ἰν
1030 1015 1164 1098 τῇιιτίσει
1177 1023 1300 1098 θεωροιν

510 1146 599 1228 με’νωι·
621 1142 637 1208 ὃ
657 1141 775 1227 χωρήσει
796 1140 895 1208 τοίπου
919 1141 970 1225 τήν
990 1139 1143 1227 ὑπερβολήν
1163 1145 1212 1224 της
1233 1146 1300 1224 λαμ-

511 1269 660 1354 πρότητος·
691 1269 707 1335 ὁ
733 1270 787 1354 γάρ
812 1267 973 1353 ῦπεροόσιος
997 1269 1038 1343 είς
1062 1267 1162 1335 οῦσάεν
1182 1268 1301 1351 ἀληθῶς

512 1399 607 1465 ἐλθών
627 1395 675 1462 καὶ
689 1394 757 1480 ῦπέρ
772 1396 869 1462 οὐσίαν
884 1393 1032 1470 οῦσιονθεὸς
1050 1396 1096 1462 διά
1115 1394 1221 1479 σαρκὸς
1237 1393 1301 1478 ἡμῖν

512 1527 714 1598 πεπολίτευται,
742 1523 773 1595 ὃς
798 1523 830 1606 δή
860 1521 907 1587 καί
931 1521 1159 1608 ὑπερβαλλόντως
1185 1518 1230 1587 ε’πλ
1252 1524 1302 1587 τοῦ

512 1653 593 1737 ὁρονς
608 1653 790 1735 ε’ξήστραιμεν,
810 1652 842 1717 οῦ
855 1651 917 1717 τότε
931 1650 1072 1735 γενόμενος
1085 1651 1186 1715 ἑαυτοῦ
1199 1649 1301 1732 διαυγεῖ

513 1808 609 1864 στερος
627 1777 643 1863 ἢ
657 1778 839 1861 ιἰιιιηλότερος,
860 1776 966 1862 ἄπαγε,
986 1778 1044 1841 ἀλλ’
1061 1775 1129 1860 ὅπερ
1143 1774 1191 1843 καί
1205 1776 1299 1859 πρότε·

511 1937 561 1993 ρον
582 1917 641 1980 τοῖς
659 1906 827 1988 τελουμίνοις
845 1909 901 1969 τῶν
919 1910 1058 1988 μαθητῶν
1077 1903 1125 1968 καὶ
1142 1904 1299 1987 γαιονμίνοις

512 2038 550 2102 τὰ
577 2033 737 2117 ῦψηλότεριι
763 2032 838 2097 κατά
861 2032 998 2114 ἀλήθειαν
1021 2030 1219 2114 θεωροῦμενος.
1243 2031 1296 2107 ἔξω

512 2163 566 2248 γάρ
585 2161 689 2244 σαρκὸς
705 2157 751 2225 καί
769 2160 872 2241 κόσμου
887 2159 1020 2243 γενόμενοι
1034 2158 1164 2225 καθόσον
1178 2157 1296 2241 ἐφικτόν,

511 2291 640 2357 ἐνταῦθα
661 2287 714 2360 τάς
734 2291 783 2370 τῆς
804 2286 952 2368 μελλοίσης
973 2286 1170 2370 καταστήσεως
1195 2283 1245 2369 ήδη
1268 2285 1298 2361 ἐξ

510 2412 552 2485 ῶν
574 2416 765 2499 ἐπειράθησαν
788 2414 986 2497 ἐδιδάχθησαν,
1013 2415 1039 2477 εἰ
1060 2413 1113 2496 γάρ
1137 2409 1184 2476 καί
1206 2408 1299 2495 μηδενὶ

512 2551 569 2610 τῶν
590 2543 725 2609 ἀπάντων
747 2541 931 2623 ἀκοινώνητόν
955 2542 1012 2605 ε’στι
1033 2541 1161 2606 καθόλου
1179 2539 1211 2606 τὸ
1232 2539 1299 2623 ἀγα·

512 2673 577 2746 θάν,
598 2670 656 2737 ἀλλ’
677 2667 736 2753 οῦχί
754 2667 820 2734 ὁλον
833 2666 849 2735 ὁ
864 2670 895 2733 τί
904 2669 977 2733 ποτί
988 2668 1073 2741 ἔστιν,
1096 2667 1154 2732 ἀλλ’
1171 2664 1238 2733 ὅσον
1251 2663 1300 2733 καλ

511 2798 589 2873 ὁπως
607 2809 665 2871 τοῖς
683 2798 838 2880 μετέχουσιν
858 2795 967 2878 ε’φικτὸν
984 2794 1110 2878 χωρητὸν
1128 2797 1237 2878 γίνεται.
1251 2790 1301 2859 καλ

511 2933 593 2993 τοῦτο
627 2925 658 2990 δι’
694 2923 785 3007 ἀκρον
813 2923 983 3006 ἀγαθότητα
1011 2933 1074 2996 ταῖς
1103 2921 1300 3005 ἀπειροδῶροις

511 3055 681 3136 ε’λλίιμψεσιν
709 3049 803 3117 ὁδεῦον
833 3047 876 3114 ε’πί
905 3050 1001 3113 πάντα
1029 3047 1076 3113 καί
1104 3048 1298 3132 προχεόμενοι·

512 3180 651 3256 ἀπόδειξις
673 3176 703 3242 δὲ
720 3182 777 3242 τῶν
795 3178 946 3261 λεγομενων
965 3177 1033 3241 αῦτὸ
1056 3174 1092 3241 ἀν
1110 3173 1149 3257 είη
1164 3175 1197 3240 τὸ
1211 3174 1299 3257 μακά·

510 3335 569 3393 ριον
592 3307 691 3378 πάθος
713 3302 761 3368 καὶ
778 3305 973 3387 πολιώμνητον,
998 3301 1066 3385 ὁπερ
1088 3300 1132 3367 ε’πλ
1150 3309 1200 3368 τοῦ
1218 3302 1299 3385 ὁρονς

510 3434 689 3499 πεπόνθασιν
710 3433 736 3496 οί
751 3431 913 3512 ἀπόστολοι,
937 3430 1017 3513 ήνίκα
1038 3430 1070 3495 τὸ
1086 3430 1237 3512 ἀπρόσιτον
1251 3427 1298 3494 καὶ

511 3560 629 3646 ἄχρονον
647 3565 709 3643 φῶς
727 3559 777 3643 τήν
791 3560 894 3623 οίκειίιν
912 3557 1005 3640 σάρκα
1019 3563 1244 3641 μετιιμορφῶσιιν
1257 3564 1298 3638 τῶ

510 3687 705 3772 ι’περβάλλοντι
727 3692 776 3769 τῆς
794 3687 897 3758 οἰκείας
919 3688 1113 3770 φωτοβλυσιὸις
1131 3684 1299 3768 ε’περουσιὸις

512 3816 689 3898 ε’λάμπρυνεν.
705 3812 728 3878 ῶ
743 3819 792 3879 τοῦ
806 3814 968 3894 θαόματος·
984 3813 1045 3877 κατ’
1062 3813 1190 3877 ἔκστασιν
1204 3818 1298 3877 τελειο

509 3943 596 4025 τάτην
617 3947 667 4025 της
684 3941 794 4024 φίσεως
808 3944 953 4006 πίπτουσιν
966 3937 1044 4020 ὁπνῳ
1057 3948 1141 4024 βαρεῖ
1158 3937 1204 4004 καί
1219 3940 1299 4024 φόβῳ

509 4069 695 4153 κρατούμενοι,
709 4067 845 4150 μίσαντες
858 4068 911 4141 τάς
924 4068 1078 4151 αἰσθήσεις,
1090 4073 1188 4132 πᾶσαν
1199 4065 1298 4148 νοεράν

508 4200 610 4279 κίνησιν
631 4193 678 4260 καί
702 4195 852 4278 ἀντίληψιν
874 4200 1018 4268 παντελῶς
1038 4197 1146 4259 ἑαυτῶν
1168 4194 1298 4259 ἀποσπά·

509 4341 619 4397 σαντες·
650 4320 722 4388 οῦτοι
749 4323 824 4388 κατά
851 4323 900 4388 τὸν
926 4333 1007 4387 θεῖον
1028 4322 1129 4386 ἐκεῖνον
1150 4319 1198 4386 καί
1219 4320 1297 4404 ῦπίρ-

507 4478 603 4535 φωτον
625 4448 673 4515 καί
697 4449 821 4534 ἀόρατον
842 4450 944 4534 γνόφου
969 4456 1009 4530 τῶ
1031 4454 1093 4529 θεῶ
1115 4450 1297 4533 συνεγενοντο,

508 4585 548 4659 τῷ
568 4579 694 4661 μηδόλως
712 4576 782 4661 ὁριῦν
801 4577 833 4643 τὸ
853 4576 941 4651 ὅντως
955 4576 1025 4661 ὁράν
1039 4576 1226 4661 εισδεχόγιενοι,
1249 4573 1298 4640 καὶ

508 4706 679 4790 τῷπάσχειν
695 4705 845 4789 ἀγνώστοις
858 4704 908 4788 τήν
922 4705 990 4769 καθ’
1007 4703 1142 4789 ίπεροχήν
1157 4704 1297 4787 ἀγνωσίαν

507 4833 686 4916 ποριζόμενοι,
700 4830 748 4897 καί
762 4832 812 4917 τήν
832 4832 925 4916 πάσης
938 4837 1037 4917 νοερᾶς
1051 4832 1215 4904 ἐπιστασίας
1228 4829 1297 4913 ῦψη-

506 4962 622 5042 λοτίραν
656 4961 811 5044 ἐγρήγορσιν
842 4957 921 5040 ῦπνῳ
949 4959 1213 5044 μυσταγωγοῦμενοι.
1243 4959 1296 5036 ἔξω

507 5086 621 5153 πάντων
643 5089 767 5171 ἐγίνοντο
784 5094 842 5153 τῶν
862 5086 1008 5171 ὁρωμίιυυν
1028 5114 1060 5154 τε
1073 5083 1121 5153 καλ
1135 5088 1295 5169 νοουμίνων,

507 5214 545 5279 ἔτι
572 5213 603 5279 δὲ
623 5213 671 5279 καί
693 5216 808 5289 ἑαυτῶν,
830 5213 876 5280 ίνα
898 5213 932 5281 τὸ
953 5215 1047 5298 πάσης
1068 5214 1177 5286 θίσεῶς
1197 5240 1228 5279 τε
1248 5210 1296 5278 καί

1369 633 1542 718 ἀφαιρέσεως
1572 635 1716 721 ι’κβιβηκὸς
1741 638 1811 702 καθ’
1839 635 1974 721 ῦπεροχίγν
1999 634 2161 719 ῦπεροόσιον

1367 766 1401 842 τῇ
1423 761 1552 844 ίκφαίισει
1570 768 1619 828 τοῦ
1638 764 1720 848 λόγου
1739 792 1787 830 και
1805 769 1839 846 τῇ
1855 764 2004 830 ἐπισκιάσει
2019 769 2069 829 τοῦ
2082 762 2160 829 πνείν

1367 914 1456 969 ματος
1480 886 1528 953 καί
1552 894 1587 972 τῇ
1614 888 1728 956 ἀνωθεν
1755 892 1784 956 ἐκ
1808 896 1858 975 τής
1887 893 2001 975 νεφελης
2024 892 2160 975 φερομένη

1367 1019 1447 1097 φωνῇ
1474 1021 1525 1082 τοῦ
1547 1017 1706 1101 γεννήτορος
1728 1019 1760 1083 δι’
1787 1019 1928 1103 ἀγνωσίας
1948 1015 1996 1083 καλ
2018 1017 2160 1104 ἀβλυψάις

1367 1146 1543 1208 παιδευθῶσι
1556 1145 1710 1229 μυστήριον.

1432 1267 1506 1354 Περὶ
1528 1275 1577 1336 τοῦ
1597 1274 1679 1337 θείου
1700 1270 1798 1339 τοῦτον
1819 1270 1915 1355 φωτὸς
1934 1269 2019 1357 φησίν
2038 1272 2053 1339 ὁ
2071 1275 2160 1357 μίγας

1368 1401 1400 1459 Γ
1396 1397 1520 1479 ρηγόριος
1542 1396 1558 1462 ὁ
1576 1398 1713 1483 θεολόγος
1730 1404 1801 1473 Φῶς
1818 1398 1835 1482 ἡ
1853 1406 2079 1485 παραδειχθεῖσα
2093 1400 2158 1466 θεό

1368 1549 1417 1604 της
1431 1521 1475 1587 ε’πὸ
1489 1530 1538 1589 τοῦ
1553 1524 1633 1606 ὅρους
1647 1538 1706 1599 τοῖς
1716 1536 1871 1609 μαθηταῖς,
1884 1532 1981 1610 μικροῦ
1993 1529 2159 1612 στερροτέρα

1368 1647 1415 1714 καλ
1436 1648 1542 1733 ὅψεως.
1564 1648 1612 1716 καί
1631 1647 1716 1726 αῦθις
1730 1651 1812 1730 Ἥξει
1830 1652 1879 1737 μὲν
1897 1653 1937 1728 ῶς
1955 1654 1971 1720 ὁ
1991 1656 2055 1738 ε’μὸς
2068 1655 2157 1738 λόγος,

1367 1781 1491 1850 τοιοῦτος
1504 1777 1532 1841 δί
1547 1778 1605 1852 οίος
1619 1777 1707 1863 ῶφθη
1719 1792 1778 1854 τοῖς
1787 1792 1934 1865 μαθηταῖς
1946 1779 1963 1866 ἢ
1976 1784 2157 1866 παρεδείχθη,

1367 1901 1551 1986 ὁπερνικώσης
1565 1906 1597 1970 τὸ
1612 1909 1727 1992 σαρκίον
1741 1915 1790 1992 της
1803 1909 1947 1992 θεότιμος.

1427 2031 1460 2098 Ὁ
1480 2030 1510 2096 δὲ
1524 2030 1602 2117 ἀγιος
1617 2034 1750 2116 Μάξιμος
1768 2035 1859 2102 Τοῦτό
1879 2037 1944 2111 ἐστι,
1959 2038 2035 2120 φησί,
2059 2035 2092 2103 τὸ
2107 2045 2157 2103 τοῦ

1365 2165 1436 2225 θεοῦ
1458 2161 1627 2244 εῦιιγγελιον,
1654 2165 1786 2246 πρεσβεία
1813 2169 1885 2229 θεοῦ
1910 2162 1958 2228 καὶ
1985 2165 2160 2248 παράκλησις

1366 2288 1436 2369 πρὸς
1465 2287 1637 2371 ἀνθρώπους
1665 2288 1696 2354 δι’
1729 2291 1787 2354 υίοῦ
1815 2292 2015 2372 σαρκωθίντος
2040 2289 2088 2357 καί
2109 2297 2159 2376 τῆς

1367 2415 1437 2497 πρὸς
1458 2415 1507 2481 τὸν
1529 2418 1640 2500 πατίριι
1663 2421 1841 2501 καταλλαγῆς
1861 2417 1966 2499 μιοθὸν
1987 2420 2159 2502 δωρουμένου

1367 2553 1426 2615 τοίς
1440 2549 1616 2623 πειθομείοις
1630 2543 1707 2623 αι’τῶ
1721 2542 1772 2627 τήν
1786 2545 1917 2628 ἀγένητον
1930 2546 2044 2610 θέωσιν.
2060 2546 2156 2630 ἀγένη-

1367 2696 1416 2733 τον
1442 2667 1472 2733 δὲ
1492 2671 1569 2753 ιλε’γω
1591 2671 1696 2734 θεωσιν
1718 2668 1768 2754 τήν
1789 2671 1849 2735 κατ’
1877 2672 1948 2744 εἶδος
1969 2671 2158 2738 εἰεπὸστιιτον

1367 2797 1512 2879 ἕλλαμψιν,
1532 2793 1591 2881 ήτις
1608 2796 1657 2862 οῦκ
1674 2797 1726 2881 ἔχει
1741 2798 1843 2881 γίνεσιν
1858 2799 1916 2862 ἀλλ’
1935 2798 2113 2882 ἀνεπινόητον
2128 2802 2158 2865 ε’ν

1365 2934 1425 2996 ’τοῖς
1453 2924 1540 3000 ἀξίοις
1566 2926 1730 3006 φανίρωσιν.
1756 2922 1804 2988 καί
1831 2920 1917 2999 αῦθις
1941 2925 1984 2992 Οὸ
2004 2931 2091 2991 πᾶσιν
2113 2925 2157 2992 ἀεί

1366 3050 1436 3134 μετά
1456 3052 1546 3133 δόξης,
1568 3053 1660 3134 φησίν,
1683 3050 1699 3117 ὁ
1719 3052 1809 3134 κόριος
1827 3053 2001 3135 ε’πιφαιίἐται
2014 3066 2074 3129 τοῖς
2087 3056 2154 3140 παρ’

1367 3178 1443 3257 αῦτῴ
1470 3179 1638 3261 ἱσταμένοις,
1667 3179 1741 3245 ἀλλά
1768 3190 1827 3253 τοῖς
1851 3177 1900 3262 μὲν
1921 3181 2106 3264 είσαγομίνοις
2127 3184 2156 3248 ε’ν

1366 3306 1463 3369 δοῦλον
1476 3310 1569 3389 μορφή
1589 3308 1779 3390 παραγίνεται,
1794 3318 1853 3379 τοῖς
1871 3305 1901 3371 δὸ
1915 3310 2073 3390 δυναμείοις
2091 3309 2156 3375 ἀκο

1365 3437 1505 3515 λουθήσαι
1533 3432 1609 3512 αι’νιῴ
1635 3431 1679 3498 ε’πί
1706 3432 1739 3500 τὸ
1766 3433 1875 3518 ὁψηλὸν
1902 3434 2082 3520 ἀναβαίνοντι
2106 3442 2157 3521 τής

1367 3559 1452 3623 αῦτοῦ
1469 3560 1710 3643 μεταμορφώσεως
1727 3558 1793 3644 ὁρος
1812 3561 1841 3624 ἐν
1854 3566 1947 3644 μορφή
1961 3567 2033 3628 θεοῦ
2048 3564 2155 3647 ε’πιφαί-

1365 3713 1450 3761 νεται,
1472 3687 1501 3750 ἐν
1522 3680 1538 3768 ᾖ
1559 3685 1662 3772 ῦπηρχε
1682 3687 1736 3770 πρὸ
1756 3688 1872 3753 τοῦτὸν
1891 3688 2156 3771 κόσμονείιαικαλ

1366 3812 1450 3880 πάλιν
1462 3812 1479 3880 ὁ
1494 3813 1579 3888 αιἰτός
1595 3814 1637 3880 Τὸ
1649 3820 1719 3897 φῶς,
1734 3816 1825 3898 φησίν,
1839 3820 1889 3879 τοῦ
1900 3816 2052 3898 προσώπου
2064 3821 2157 3901 κυρίου

1366 3940 1399 4006 τὸ
1421 3945 1535 4025 νικήσειν
1557 3945 1606 4024 τής
1634 3942 1816 4025 ἀνθρωπίνης
1838 3943 2000 4025 αἰσθήσεως
2018 3943 2068 4027 τήν
2087 3946 2156 4029 ἐνίρ

1365 4095 1441 4152 γειαν
1462 4068 1512 4133 τὸν
1530 4068 1634 4150 τρόπον
1652 4068 1779 4134 διετίνπου
1797 4079 1855 4141 τοῖς
1872 4073 2020 4151 μακαριὸις
2035 4072 2155 4138 ἀποστό

1364 4199 1422 4269 λοις
1443 4200 1492 4279 τῆς
1513 4193 1588 4260 κατά
1610 4194 1755 4277 ἀπόφασιν
1775 4200 1905 4278 μυστικῆς
1919 4199 2070 4281 θεολογίας
2083 4200 2153 4265 καθ’

1363 4322 1396 4407 ἣν
1418 4352 1434 4406 η
1455 4324 1582 4407 μακαρία
1603 4319 1651 4386 καὶ
1673 4320 1740 4406 ἀγία
1759 4321 1862 4405 θεότης
1880 4323 1941 4387 κατ’
1964 4324 2061 4390 οἰσίαν
2079 4323 2155 4390 ε’στίν

1363 4448 1553 4533 ῦπεράρρητος
1567 4446 1614 4514 καίΙ
1629 4448 1841 4533 ῦπεράγνωστος
1857 4447 1905 4514 καί
1919 4448 2014 4534 πάσης
2027 4450 2157 4538 ἀπορίας

1365 4577 1510 4661 ἀπειράκις
1528 4578 1688 4661 ε’ξηρημίνη,
1712 4575 1768 4642 οὐδ’
1789 4574 1863 4660 ίχνος
1881 4573 1954 4650 ὁλως
1968 4579 2157 4662 καταλήψεως

1364 4705 1418 4770 κάν
1444 4704 1529 4788 ψιλόν
1554 4715 1615 4778 τοῖς
1635 4704 1692 4788 μετ’
1719 4703 1805 4788 αῦτήν
1826 4707 2036 4787 καταλείψασα.
2059 4705 2076 4773 ὁ
2096 4718 2157 4781 τοῖς

1365 4825 1425 4897 οῦσι
1446 4833 1499 4916 γάρ
1519 4857 1603 4914 φησιν
1624 4830 1640 4897 ὁ
1663 4831 1748 4907 αὐτὸς
1768 4830 1805 4916 μή
1825 4831 1886 4897 κατ’
1906 4832 2004 4898 οὐσίαν
2021 4833 2156 4918 ὁπάρχωιι

1364 4960 1517 5042 μιθεκτὸς,
1543 4960 1604 5024 κατ’
1628 4958 1713 5025 ἀλλον
1734 4957 1888 5042 δὲτρόπον
1907 4961 2074 5044 μετίχεσθαι
2096 4973 2156 5036 τοῖς

1364 5087 1523 5170 δυναμένοις
1548 5087 1726 5172 βουλόμενος,
1755 5092 1805 5153 τοῦ
1831 5087 1891 5152 κατ’
1921 5088 2018 5153 οὐσίαν
2038 5090 2154 5172 κρυφίου

1364 5219 1509 5288 παντελῶς
1520 5215 1568 5280 οῦκ
1583 5216 1734 5292 ἐξίσταται,
1749 5214 1834 5282 ὁπότε
1849 5209 1896 5279 καί
1911 5213 1996 5288 αι’πὸς
2009 5214 2025 5281 ὁ
2040 5216 2151 5299 τρόπος,
