4756 6194
368 367 409 432 98

368 567 511 655 videtur)
527 611 536 620 ·
550 611 560 620 ·
574 571 741 653 οἰκτίρμονες
754 569 794 642 ώς
808 567 823 635 ὁ
838 569 931 652 πατήρ
945 567 1021 651 ύμών
1037 563 1112 652 (nec
1128 567 1219 633 1706.
1236 566 1310 632 add.
1326 565 1356 653 ὁ)
1373 568 1506 651 ούράνιος.
1521 567 1568 633 διά
1583 565 1613 632 δέ
1626 567 1691 642 τούς
1710 569 1797 634 άπατ.
1815 562 1922 652 (1706.
1939 566 2013 633 add.

368 695 415 763 καί
432 694 696 783 ὑπολαμβάνοντας)
717 696 836 769 πολλούς
854 736 863 746 -
881 736 891 746 -
910 694 956 761 ἵνα
975 697 1127 780 γινώσκωσι
1147 691 1253 780 (1706.
1269 692 1386 780 σκουσι)
1406 693 1439 762 σέ
1456 736 1466 746 -
1484 735 1494 746 ·
1512 696 1583 779 πρὸς
1601 696 1650 762 τὸν
1669 696 1885 780 ἐπερωτήσαντα
1906 693 2014 780 (1706.

369 822 462 910 ἐρωτ.)
480 827 560 890 Ποία
575 821 632 890 ἐστὶ
646 824 702 908 πρὸ
718 821 860 908 (corrige
871 824 967 907 πρώτη
973 820 999 909 1)
1014 822 1130 889 πάντων
1146 819 1252 906 (1706.
1262 823 1318 889 ἐστ.
1333 825 1446 907 πρώτη,
1468 823 1589 887 omisso
1603 820 1731 907 πάντων)
1746 822 1853 907 ἐντολή,
1873 824 2014 907 ἀπεκρίθη

370 946 477 1036 (1700.
491 950 556 1036 ἔφη)
574 952 681 1034 Πρώτη
696 953 811 1017 πάντων
826 951 920 1033 ἐντολή
936 953 1008 1016 ἐστιν
1017 951 1119 1016 Ἀκουε
1132 951 1250 1034 Ἰσραήλ,
1265 951 1377 1033 κύριος-
1392 991 1413 1013 -.

471 1079 504 1147 ‘0
515 1077 545 1143 δέ
555 1082 621 1161 Σίμ.
633 1106 690 1144 συν.
702 1076 745 1145 ότι
756 1081 867 1162 Πέτρος
878 1078 962 1144 αὐτὸν
975 1073 1081 1163 (1700.
1094 1074 1207 1161 ἑαυτὸν)
1224 1078 1334 1161 συνάγει
1349 1073 1541 1162 (17061166.
1553 1075 1595 1160 ἐν)
1611 1089 1675 1151 ταῖς
1689 1090 1812 1162 γραφαῖς
1826 1080 1865 1152 είς
1878 1119 1887 1128 -
1902 1119 1910 1128 -
1926 1077 2014 1152 ούτως

367 1205 400 1290 ήν
411 1208 590 1290 ἐξησκημένος
601 1208 628 1270 έν
639 1215 702 1279 ταῖς
712 1208 838 1289 μαγείαις
848 1204 895 1270 καὶ
906 1209 1066 1288 μεθοδείαις
1076 1210 1125 1270 τού
1135 1211 1257 1280 σατανεὶ,
1269 1205 1309 1279 ώς
1321 1201 1428 1288 (1706.
1439 1205 1468 1269 ἐν
1477 1217 1541 1279 ταῖς
1555 1211 1724 1290 διαβολικαῖς
1735 1206 1879 1289 ἐνεργεάιις
1890 1203 1938 1272 καὶ
1948 1234 2012 1289 μαγ.

367 1362 391 1398 κ.
406 1345 471 1418 μεθ.
487 1332 539 1418 ώς)
555 1375 582 1384 --
597 1332 695 1417 σχεδὸν
710 1331 754 1397 ἐπὶ
769 1344 833 1406 ταῖς
846 1374 873 1383 --
888 1331 990 1399 ἵπτατο
1004 1331 1051 1398 καὶ
1066 1333 1095 1396 ἐκ
1109 1373 1137 1383 ·-
1153 1333 1262 1416 δράκων
1277 1334 1378 1417 ἐγίνετο
1392 1330 1439 1396 καὶ
1450 1334 1489 1406 εἰς
1504 1334 1584 1415 ἕτερα
1600 1338 1659 1409 ζώα
1673 1338 1889 1416 μετεμορφούτο·
1905 1334 2013 1416 διπρόσ-

367 1489 445 1535 ωπος
465 1463 566 1543 ἐγίνετο
585 1458 632 1525 καὶ
646 1461 685 1533 είς
700 1457 806 1544 (1700.
825 1482 886 1523 0111.
903 1461 982 1543 ἕτερα
1000 1465 1059 1537 ζώα
1073 1482 1177 1544 usque
1192 1488 1216 1524 ιι.
1232 1457 1283 1545 εἰς)
1303 1487 1345 1543 χρ.
1360 1460 1552 1544 μετεβάλλετο·
1571 1461 1666 1543 θύρας
1685 1501 1695 1510 -
1714 1501 1723 1510 -
1742 1459 1831 1544 ήνοιγε
1849 1459 1897 1525 καὶ
1914 1466 2013 1543 σιδηροῖ

370 1584 477 1673 (1700.
488 1585 619 1672 σιθήρων)
637 1589 724 1670 δεσμά
739 1628 748 1637 -
763 1628 771 1636 -
786 1589 879 1652 είδεών
896 1585 1001 1672 (1706.
1012 1584 1104 1672 ίδεών)
1121 1592 1264 1670 παριστών
1280 1584 1533 1672 (1706.παρίστα)
1549 1588 1730 1671 --φερόμενα
1746 1582 2012 1672 (1706.φέρεσθαι)

367 1743 413 1800 πρ.
428 1716 473 1781 ι’π.
490 1716 574 1780 ἐποίει
588 1718 744 1800 βλεπεσθαι
756 1713 862 1799 (1700.
880 1713 958 1799 0111.)
974 1755 983 1764 -
998 1757 1007 1766 -
1022 1721 1079 1779 τών
1093 1716 1270 1798 τεθνηκότων
1284 1755 1293 1765 ·
1309 1757 1317 1765 -
1334 1715 1452 1788 πολλοὺς
1466 1712 1496 1778 δέ
1510 1715 1620 1799 γόητα·
1634 1757 1643 1765 -
1661 1718 1843 1798 πειρωμένους
1861 1717 2014 1792 διαλλάξας

366 1884 399 1893 --
420 1844 563 1925 διαφόροις
581 1839 629 1906 καὶ
647 1844 785 1916 δυσιάτοις
804 1883 837 1893 --
856 1848 973 1908 πλεῖστα
993 1840 1101 1927 (1700.
1124 1840 1198 1906 add.
1220 1839 1384 1926 εἰργάσατο)
1406 1853 1580 1926 καθυπουργ.
1602 1842 1678 1923 αύτώ
1702 1840 1809 1926 (1700.
1830 1840 1936 1926 αύτών)
1956 1847 2013 1908 τών

367 1978 440 2054 δαιμ.
456 1968 595 2053 εἰργάζετο
611 1965 718 2053 (1706.
736 1972 825 2049 0111.)·
841 1971 995 2035 κάντεύθεν
1014 1972 1045 2038 ού
1060 1970 1143 2052 μόνον
1157 1969 1257 2035 ἑαυτὸν
1271 1970 1309 2042 είς
1323 1972 1419 2052 ἑτέρας
1432 1969 1545 2054 μορφάς
1560 1971 1723 2052 ἀνθρώπων
1737 1997 1767 2035 τε
1782 1969 1830 2036 καὶ.
1844 1972 1961 2056 ἀλόγων,
1974 1972 2013 2045 ώς

368 2100 443 2181 ἔφην,
458 2097 693 2180 μετεσχημάτιζεν,
708 2096 782 2161 άλλά
796 2096 844 2161 καὶ
858 2096 906 2169 οὓς
919 2095 1020 2181 ήθελεν
1034 2095 1123 2170 ούτως
1137 2099 1228 2162 ἐποίει.
1244 2095 1291 2160 καί
1306 2102 1369 2180 γοῦν
1384 2137 1393 2146 -
1407 2139 1416 2147 ·
1431 2095 1555 2180 περιθείς
1570 2103 1610 2178 τῷ
1624 2103 1740 2180 μαθητή
1757 2101 1868 2181 Πέτρου
1886 2100 2011 2180 Φαύστῳ

368 2223 476 2310 (1706.
496 2223 606 2289 (θαύστ.
622 2229 662 2303 τῷ
676 2234 749 2307 μαθ.
766 2222 835 2308 Πέ.)
852 2265 860 2274 -
876 2267 885 2275 -
900 2225 971 2308 πρὸς
986 2227 1096 2308 Πέτρον
1111 2225 1227 2289 ἐνώπιον
1240 2223 1317 2307 ήμῶν
1332 2227 1401 2309 ἔχων
1416 2224 1465 2307 τήν
1478 2222 1586 2308 μορφήν
1601 2227 1742 2308 Σιμωνος,
1766 2224 1814 2290 καί
1829 2224 1935 2310 (1706.
1951 2248 2011 2313 pro

367 2353 484 2417 ἐνώπιον
498 2373 601 2436 usque
616 2355 668 2416 καί
678 2350 777 2415 habet
792 2349 931 2436 ἐδιώκετο)
947 2351 1001 2418 ύπὸ
1016 2354 1131 2416 πάντων
1146 2353 1342 2435 ἀποσειόμενος
1359 2349 1407 2416 καὶ
1425 2353 1584 2434 μισούμενος
1600 2349 1707 2437 (1700.
1724 2374 1786 2416 0111.
1802 2354 1886 2418 άποσ.
1902 2382 1925 2418 κ.
1940 2352 2010 2440 μισ.)

367 2480 413 2544 διὰ
428 2507 452 2545 τ.
468 2480 512 2543 άν.
529 2481 618 2543 είδεάν
633 2485 682 2544 τού
689 2482 818 2560 Σίμωνος
834 2476 848 2562 (
852 2479 941 2543 1706.
952 2481 1027 2543 ἰδέαν
1042 2479 1074 2562 ἣν
1088 2475 1249 2564 περιέκειτο)
1267 2481 1408 2563 ἐμβλέψας
1423 2480 1527 2556 (1706.
1537 2478 1611 2543 add.
1621 2478 1663 2565 δέ)
1680 2479 1762 2545 όΠέ.
1777 2521 1807 2531 --
1822 2482 1887 2546 ἰδών
1903 2479 2009 2566 (1700.

368 2607 442 2672 add.
458 2609 568 2683 τοίνυν)
592 2606 760 2688 λυπούμενον
782 2604 829 2671 καὶ
851 2606 965 2689 δάκρυσι
986 2606 1164 2691 συνεχόμενον
1187 2608 1238 2689 έφη
1260 2646 1292 2655 --
1314 2606 1481 2690 παραλλαγή
1506 2602 1613 2688 (1700.
1628 2605 1787 2693 ύπαλλαγή)
1804 2649 1836 2658 --
1855 2610 1946 2692 γέγονε
1965 2610 2012 2674 διὰ

366 2737 574 2818 κακομηχανίας
596 2731 643 2797 καὶ
664 2738 815 2816 σατανικής
839 2734 962 2807 ἐπινοίας
988 2738 1036 2798 τοῦ
1060 2732 1157 2816 γόητος
1180 2729 1286 2816 (1700.
1305 2756 1367 2797 0111.
1383 2733 1430 2798 διά
1445 2755 1548 2818 usque
1568 2731 1692 2818 γόητος)Ι
1714 2734 1768 2800 ύπό
1790 2736 1844 2820 γάρ
1862 2741 2013 2819 Καίσαρος

369 2863 529 2944 ζητούμενος
548 2900 580 2909 --
600 2860 645 2926 ἵνα
666 2854 773 2941 (1700.
791 2858 864 2922 add.
881 2857 945 2943 τοῦ)
967 2887 1044 2944 συσχ.
1059 2888 1083 2923 κ.
1099 2861 1190 2940 άναιρ.
1205 2887 1255 2926 σου
1271 2858 1377 2945 (1700.
1395 2858 1472 2946 0111.)
1488 2862 1576 2944 λύπην
1589 2902 1598 2911 -
1612 2902 1621 2911 -
1636 2864 1797 2928 λαοπλάνων
1812 2860 1919 2946 (1706.
1937 2864 2009 2928 add.

366 2987 414 3052 καὶ
428 2990 533 3072 ἐχθροῦ
546 2993 595 3069 τής
610 2984 761 3069 ἀληθείας)
777 2989 906 3068 Σίμωνος
919 3027 929 3037 -
943 3027 953 3036 ·
968 2988 1041 3051 &far
1055 3014 1105 3053 σου
1121 2986 1228 3072 (1700.
1245 2988 1322 3070 0111.)
1339 2992 1453 3071 παρεξει
1471 2987 1577 3061 (1706.
1594 2987 1667 3053 add.
1683 2986 1741 3076 σοι)
1761 2989 1871 3074 τάχιον·
1890 2988 1959 3075 ὅπερ
1978 2993 2010 3077 δή

366 3113 413 3180 καί
429 3113 535 3200 (1700.
552 3112 627 3178 add.
643 3114 693 3180 σὺν
711 3120 751 3193 τῷ
770 3110 856 3199 λόγῳ)
880 3114 987 3198 γέγονεν
1008 3110 1115 3198 (1700.
1132 3114 1205 3179 add.
1227 3116 1342 3181 πάντων
1360 3115 1436 3199 ήμῶν
1456 3117 1661 3199 θεωρούντων).
1683 3114 1731 3182 καί
1752 3122 1844 3182 ταῦτα
1864 3120 1956 3201 μέντοι
1978 3161 2010 3170 --

367 3240 543 3327 γεγράφηκεν,
555 3241 595 3314 ὡς
604 3242 679 3323 έφην,
689 3241 804 3323 Κλήμης
813 3242 842 3305 ἐν
849 3242 941 3323 Συρίᾳ
952 3237 1058 3325 (1706.
1068 3263 1130 3306 0111.
1140 3243 1159 3305 ε’.
1168 3240 1251 3326 Συρ.)
1260 3248 1395 3327 λεχθῆναι
1404 3240 1450 3307 καὶ
1459 3249 1670 3327 διαπραχθήναι
1679 3241 1785 3327 (1700.
1795 3244 1869 3309 add.
1880 3247 1909 3310 έν
1917 3248 2009 3329 Συρ.)

471 3370 517 3434 Ἐν
532 3366 562 3434 δέ
576 3374 609 3450 τή
622 3368 713 3450 Ῥώμη
728 3367 797 3452 μετά
813 3368 845 3434 τὸ
861 3409 869 3418 -
884 3409 893 3417 ·
908 3368 947 3440 ώς
961 3366 1065 3451 εἴρηται
1080 3409 1088 3418 -
1103 3411 1112 3420 -
1127 3369 1172 3434 Σύ
1187 3370 1254 3452 ἔφης
1268 3410 1277 3419 -
1291 3409 1301 3419 -
1315 3367 1362 3434 καὶ
1377 3370 1443 3434 ίδών
1458 3370 1543 3436 αὐτὸν
1558 3373 1668 3453 Πέτρος
1686 3411 1695 3420 -
1710 3411 1719 3420 -
1739 3372 1892 3437 ἀπέθανεν.
1915 3379 1964 3439 τού
1982 3373 2012 3439 δέ

367 3503 468 3582 μιαροῦ
491 3497 576 3563 αύτού
594 3497 726 3579 σώματος
744 3499 876 3569 τεθέντος
891 3497 965 3559 ἔνθα
979 3494 1026 3560 καί
1041 3500 1197 3570 πέπτωκεν,
1220 3498 1324 3581 ἐκλήθη
1338 3497 1354 3564 ό
1369 3499 1456 3570 τόπος
1470 3498 1562 3563 ἔκτοτε
1576 3498 1715 3581 Σιμώνιον
1731 3499 1836 3576 (1706.
1851 3500 1867 3566 ὁ
1883 3498 1913 3566 δέ
1926 3503 2013 3575 τύπος

367 3626 458 3690 ἔκτοτε
473 3624 488 3691 ὁ
503 3623 650 3706 δεξάμενος
666 3624 751 3689 αύτού
765 3623 797 3689 τὸ
812 3626 926 3708 βέβηλον
940 3621 988 3687 καὶ
1002 3627 1163 3708 παμμίαρον
1176 3630 1258 3707 σώμα
1272 3621 1376 3709 ἐκλήθη
1391 3622 1553 3711 Σιμώνιον).
1569 3622 1631 3707 περὶ
1645 3620 1678 3690 ού
1691 3623 1739 3690 καὶ
1762 3626 1791 3691 ἐν
1809 3639 1872 3701 ταῖς
1891 3628 2010 3694 άποστο

365 3757 454 3825 λκκαῖς
474 3752 631 3829 διατάξεων
639 3748 663 3835 ¹)
683 3750 698 3817 ὁ
719 3751 804 3824 αὐτὸς
819 3749 925 3836 (1706.
942 3751 957 3817 ό
972 3754 1058 3836 μέγας
1072 3748 1242 3837 άπόστολος)
1259 3755 1370 3835 Πέτρος
1387 3792 1420 3802 --
1440 3752 1581 3817 ἐσκύλευσε
1598 3791 1632 3803 ·-
1651 3753 1792 3836 ἐμπειρίας
1809 3752 1858 3819 καὶ
1876 3757 2012 3840 ἐνεργείας

364 3921 397 3930 --
417 3880 589 3963 διαστρέφειν
607 3878 656 3943 τὸν
674 3878 755 3962 λόγον
772 3873 879 3962 (1706.
895 3876 978 3964 λαὸν)
1000 3905 1024 3944 τ.
1039 3889 1085 3943 θε.
1100 3905 1221 3962 συμπαρ.
1238 3879 1343 3957 (1700.
1360 3878 1433 3943 add.
1449 3876 1508 3964 μοι)
1529 3883 1721 3963 --Ζακγαίου
1739 3885 1788 3946 τού
1807 3879 1876 3947 ποτέ
1892 3884 2011 3949 τελώνου

364 4035 388 4071 ιι.
404 4013 495 4089 Βαρν.
512 4003 618 4090 (1706.
628 4004 702 4068 add.
713 4003 761 4070 καὶ
774 4003 902 4091 Νικήτα)
918 4004 965 4070 καὶ
978 4007 1084 4071 Ἀκύλα
1099 4007 1228 4088 ἀδελφῶν
1242 4006 1402 4089 Κλήμεντος
1416 4034 1440 4070 τ.
1453 4004 1535 4089 Ῥωμ
1552 4005 1657 4086 (1706.
1666 4006 1739 4071 add.
1756 4007 1905 4075 ἐπισκόπου
1919 4037 1949 4075 τε
1964 4008 2011 4075 καὶ

364 4131 492 4218 πολίτου)
508 4173 534 4183 --
548 4129 706 4216 διαλεχθείς
720 4132 796 4211 αύτῷ
811 4135 850 4206 είς
863 4131 912 4199 τὸν
926 4132 988 4216 περὶ
1002 4139 1052 4198 τοῦ
1065 4134 1221 4217 εὐαγγελίου
1234 4134 1315 4217 λόγον
1327 4131 1374 4198 καὶ
1386 4139 1443 4199 τών
1453 4160 1538 4218 προφ.
1547 4133 1593 4199 καί
1606 4175 1632 4184 --
1644 4134 1766 4218 ήττήσας
1774 4133 1880 4219 (1706.
1889 4132 2009 4221 ἥττησο)

365 4263 426 4327 ain.
442 4267 497 4326 ὀυν.
512 4265 561 4326 τού
576 4263 668 4342 κυρίου
685 4255 698 4341 (
702 4259 791 4322 1700.
808 4259 882 4323 add.
897 4260 975 4344 ήμῶν
987 4261 1051 4343 Ἰησ.
1066 4262 1136 4344 Χρ.)
1152 4257 1200 4325 καὶ
1214 4262 1253 4333 είς
1268 4262 1318 4344 άφ.
1333 4261 1503 4346 καταβιώών
1516 4289 1578 4346 φιγ.
1594 4264 1760 4345 κατεύετησα,
1775 4264 1814 4335 είς
1827 4262 1877 4348 τήν
1891 4264 2011 4329 Ἰταλίαν

364 4431 372 4440 -
388 4429 397 4438 ·
415 4389 534 4460 πολλούς
548 4386 714 4469 ἀνατρέπων
728 4427 737 4437 -
752 4427 761 4436 -
777 4388 814 4452 τά
828 4413 858 4451 τε
874 4388 944 4469 ἔθνη
959 4388 1100 4453 έκστάνων
1116 4387 1221 4467 (1706.
1233 4385 1397 4474 ἐξιστάνων)
1414 4429 1422 4438 -
1437 4429 1446 4438 -
1462 4389 1580 4472 ἐνεργείᾳ
1597 4387 1834 4474 (1706.-μίας)
1849 4389 1888 4463 ώς
1901 4386 2009 4475 (1706.

365 4513 442 4600 0111.)
459 4519 510 4581 καί
520 4541 589 4579 ποτε
602 4554 628 4564 --
642 4514 757 4578 πάντων
771 4511 801 4577 δέ
814 4515 1021 4597 θαυμαζόντων
1035 4555 1044 4565 ·
1058 4557 1067 4566 -
1080 4514 1136 4581 ύπὸ
1151 4516 1289 4598 δαιμόνων
1305 4513 1319 4599 (
1323 4515 1411 4579 1706.
1422 4512 1511 4600 -νίων)
1528 4518 1568 4589 είς
1581 4517 1646 4590 τούς
1661 4512 1769 4599 (1706.
1781 4515 1858 4602 0111.)
1875 4518 2010 4600 οέρανούς

363 4685 396 4694 -·
416 4642 616 4727 ἐπιχυρηγήσειν
636 4640 742 4726 (1706.
760 4638 860 4727 -γεῖν)’
880 4648 936 4707 τών
955 4641 984 4706 δέ
1005 4643 1097 4726 δήμων
1112 4643 1206 4725 ἐπευφ.
1222 4642 1307 4708 αὐτὸν
1323 4642 1427 4721 (1706.
1445 4640 1523 4726 0111.)
1539 4684 1548 4693 -
1563 4684 1572 4693 -
1587 4645 1704 4709 ἱκέτευον
1720 4642 1827 4729 (1706.
1844 4642 1958 4730 -τευσα)
1975 4685 2009 4696 --

363 4771 539 4854 καταρράξαι
555 4766 661 4852 (1706.
677 4768 828 4853 καταράξ.)
845 4768 893 4835 τὸν
907 4775 1050 4852 λυμαιώνα
1067 4764 1173 4854 (1706.
1190 4766 1329 4854 λυμεώιά)
1346 4766 1393 4833 καὶ
1407 4769 1456 4853 τήν
1471 4769 1548 4855 ἰσχύν
1562 4777 1619 4835 τών
1634 4771 1772 4855 δαιμόνων
1786 4773 1946 4855 περικόψαι.
1961 4770 2008 4837 καί

364 4895 471 4982 (1700.
489 4894 565 4982 0111.)
587 4898 718 4969 ἀτενίσας
738 4893 844 4980 (1700.
862 4895 936 4960 add.
953 4893 1014 4982 σύν)
1033 4904 1073 4978 τῴ
1088 4900 1152 4980 Σίμ.
1172 4899 1249 4962 εἷπον
1267 4898 1348 4962 Ει’--
1367 4897 1438 4979 μετά
1456 4896 1524 4982 ήχον
1537 4938 1547 4947 ·
1562 4940 1571 4949 -
1586 4895 1634 4963 καὶ
1649 4896 1756 4982 (1706.
1774 4902 1849 4977 0111.)
1864 4904 1914 4964 τού
1927 4898 2010 4983 ὄχλου

362 5066 371 5075 -
387 5067 395 5075 -
411 5025 442 5090 ὃν
459 5021 565 5108 (1700.
582 5024 656 5088 add·
673 5025 688 5089 ό
706 5021 829 5108 Πέτρος)
846 5064 878 5073 --
895 5025 1002 5110 άπίσβη
1019 5021 1125 5109 (1700.
1143 5021 1321 5108 ἀπεσβέσθη)
1337 5065 1346 5074 -
1361 5065 1369 5074 -
1384 5024 1487 5108 ήμέραν
1502 5026 1603 5107 ἐκείνην
1617 5031 1667 5092 τοῦ
1680 5067 1690 5076 -
1704 5067 1713 5075 -
1728 5029 1755 5091 οἱ
1766 5027 1904 5110 Ῥωμαῖοι.

467 5171 483 5230 ¹)
498 5163 540 5218 Cf.
555 5163 675 5220 Constit.
689 5165 789 5236 Apost
802 5164 856 5233 vl,
870 5168 897 5233 7,
910 5165 941 5233 8,
953 5167 977 5219 9.
