4756 6194
189 624 192 628 '
254 613 307 676 τοῦ
325 612 396 675 θεοῦ
415 606 570 691 παρελθόν
587 603 635 670 καῖ
654 604 692 671 τά
711 601 772 688 περὶ
787 603 884 669 τοῦτον
899 603 1048 687 άνενίγκας

255 735 382 820 τῆν’γμων
396 734 561 819 μετριότητι,
580 737 741 817 κατηγορῶν
759 730 880 815 μάλιστα
895 735 945 795 τοῦ
959 756 1048 814 τιμιω-

257 863 345 928 τάτου
366 862 395 927 ἐν
418 860 605 946 ῖερομονάχοις
627 862 719 943 κυρίου
740 865 772 923 Γ
767 861 894 943 ρηγορίου
915 861 964 922 τοῦ
984 864 1047 922 Πα-

257 994 353 1073 λαμά,
382 988 493 1072 ἐζήτησε
514 992 723 1072 μετακληθῆναι
748 983 795 1051 καῖ
817 984 917 1058 αέτοῦς
938 985 977 1059 εἰς
997 984 1047 1069 τῆν

258 1116 327 1181 καθ’
344 1116 417 1201 ῆμιὶς
432 1116 509 1199 ἱεράν
524 1113 571 1180 καῖ
583 1117 668 1180 θείαν
679 1114 806 1180 σύνοδον
815 1113 1047 1198 μετακληθέντων

258 1246 349 1311 τοίνυν
363 1241 487 1326 ἕτίρανὸ
503 1242 649 1327 Βαρλιιιῖμ
662 1241 805 1325 ἐτράπετο,
819 1240 985 1324 ἀποφεύγων
999 1237 1048 1305 καὶ

258 1368 481 1456 μῆκαταπειθῖγς
491 1367 565 1443 όλως
576 1368 714 1453 γινόμενος
726 1369 765 1441 είς
775 1367 824 1452 τῆν
832 1367 945 1433 σῦνοδον
959 1367 1047 1431 άπαν-

258 1503 341 1582 τῆσαι
358 1495 406 1562 καῖ.
425 1510 484 1572 τοῖς
501 1506 716 1582 κατηγορηθεῖσι
734 1495 800 1577 παρ’
818 1495 903 1560 αι’ντοῦ
916 1502 1049 1577 μοναχοῖς

259 1626 288 1699 ἐς
301 1623 399 1710 λόγους
414 1626 509 1689 ἐλθεῖν
528 1622 575 1689 καῖ
590 1624 825 1706 άντικαταστῆναι
840 1624 935 1695 αἰτοῖς
949 1621 990 1704 ἐφ’
1007 1620 1049 1695 οἷς

258 1754 319 1817 κατ’
341 1753 433 1818 αἰτῶν
452 1749 663 1835 σινεγράιματο,
690 1747 831 1834 πρόφασιν
848 1747 897 1833 μέν
915 1754 964 1833 τῆς
979 1748 1048 1813 άπο

259 1885 347 1964 φυγῆς
368 1877 528 1962 ποιοίμενος
549 1882 699 1962 τηνικαῦτα
720 1877 770 1962 τῆν
787 1875 928 1962 βασιλικὴν
946 1877 1048 1959 άποδη

257 2008 339 2091 μίαν,
365 2011 399 2090 τῆ
429 2007 452 2071 δ
485 2006 608 2090 άληθείᾳ
635 2007 734 2071 ἑαυτοῦ
755 2004 910 2089 καταγνοὺς
931 2001 978 2069 καῖ
999 2003 1048 2068 τὸν

260 2136 389 2200 ἐντεῦθεν
405 2134 512 2218 ἔλεγχον
527 2133 629 2208 δεδιώς.

318 2260 439 2326 Ἔπειτα
454 2260 570 2328 συνόδου
584 2263 826 2345 σιγκροτηθειόης,
846 2261 986 2343 παρουσίᾳ
1000 2256 1048 2323 καὶ

259 2394 308 2455 τοῦ
329 2390 360 2454 ἐκ
383 2395 454 2454 θεοῦ
471 2389 606 2474 βασιλεως
625 2393 675 2452 τοῦ
693 2387 818 2471 ἀοιδίμου
831 2383 878 2452 καῖ
892 2389 1047 2469 μακαρίτου

259 2517 287 2581 ἐν
309 2521 349 2598 τῷ
368 2514 528 2601 περιωνόμιην
546 2520 606 2596 ναῷ
625 2520 674 2598 τῆς
692 2521 742 2580 τοῦ
756 2519 826 2579 θεοῦ
840 2512 922 2597 λόγου
935 2516 1047 2597 σοφίας,

258 2649 308 2728 τῆς
322 2671 352 2709 τε
366 2642 515 2727 σιγκλῆτον
534 2640 581 2707 καῖ
595 2642 644 2708 οέκ
659 2642 757 2726 ὀλίγων
772 2639 830 2709 άπό
844 2669 874 2706 τε
888 2648 945 2706 τῶν
958 2669 1046 2724 τιμιω

259 2771 354 2837 τάτων
376 2772 594 2855 άρχιμαιδριτιῦν
615 2768 662 2834 καῖ
684 2771 900 2853 καθηγουμίνων
921 2767 968 2834 καῖ
989 2773 1047 2833 τῶν

259 2903 308 2982 τῆς
330 2901 471 2973 πολιτείας
493 2899 707 2982 σινειλεγμίνων,
729 2895 941 2982 μεταπεμφθείς
961 2895 1008 2961 καῖ
1030 2895 1046 2963 ὁ

261 3025 344 3099 αέτῖνς
366 3025 512 3111 Βαρλαάμ
539 3022 587 3090 καῖ
612 3022 783 3109 προτραπεῖς
803 3025 888 3089 εἰπεῖν
909 3021 956 3088 καῖ
979 3024 1047 3089 άπιν

261 3156 348 3230 δεῖξαι
363 3150 392 3218 εῖ
400 3180 426 3218 τι
441 3154 526 3218 εῖπεῖν
540 3155 592 3236 ἔχει
607 3151 682 3218 κατὰ
695 3157 752 3217 τῶν
766 3152 835 3216 καθ’
851 3151 967 3235 ἡσυχίαν
983 3149 1046 3228 ζεόν-

259 3305 315 3345 των
328 3285 467 3364 μονίιχεῦν,
487 3281 635 3363 παριόντων
648 3278 698 3366 ῆδη
712 3277 760 3344 καῖ
775 3280 868 3345 αἰτῶν
882 3285 916 3362 τῆ
931 3278 1045 3359 συνόδῳ,

261 3406 345 3481 αι’τὸς
364 3405 482 3491 ὠσπερεῖ
501 3412 552 3473 τοῦ
566 3410 742 3492 προκειμόου
755 3408 846 3491 λῆθην
860 3404 976 3480 παθάν,
995 3407 1046 3489 μά-

257 3538 340 3599 λιστα
360 3530 391 3598 δέ
411 3537 530 3619 σινγχίειν
552 3536 718 3618 πειρώμενος
743 3534 781 3600 τά
803 3541 852 3619 τῆς
873 3533 1045 3609 ῦποθίσεως,

260 3662 298 3735 είς
312 3661 456 3744 ἐρωτήσεις
475 3659 522 3726 καῖ
538 3662 660 3746 ἀπορίας
674 3663 802 3746 ἐχωρεῖτο
817 3660 985 3747 δογματικὰς
998 3659 1047 3727 καῖ

257 3787 346 3861 λῦσεις
374 3794 431 3854 τῶν
459 3789 648 3873 άπορημάτων
678 3785 754 3876 (sie)
784 3791 879 3875 ἐζήτει·
901 3792 940 3864 εἰς
961 3788 978 3856 ὃ
997 3786 1047 3855 καλ

259 3915 434 3998 ἐνιστάμενος
461 3914 508 3982 καῖ
537 3916 737 4001 ἰσχυριζόμενος
760 3919 843 4002 μηδέν
865 3947 892 3984 τι
912 3918 1047 4004 πρότερον

319 4052 333 4065 ιν
399 4040 595 4065 ὶὶἱὶἳὶ

259 4044 343 4107 εῖπενν
358 4068 422 4127 πριν
437 4071 473 4108 αν
487 4071 536 4128 την
551 4070 595 4109 επι
609 4056 673 4119 ταῖς
687 4046 834 4130 ἐρωτῆσεσι
848 4046 964 4119 ταίταις
976 4044 1044 4112 άπό

257 4196 344 4254 κρισιν·
366 4171 413 4235 καῖ
434 4170 509 4237 λόσιν
532 4174 686 4256 κομίσηται,
710 4172 800 4258 ἐπειδὴ
824 4173 872 4239 καῖ
895 4172 974 4252 άπαξ
997 4171 1045 4238 καὶ

259 4294 301 4372 δῖς
318 4296 366 4363 καῖ
383 4298 440 4381 μετ’
461 4299 622 4384 ἐμβριθειίις
641 4300 850 4384 άποκροιισθείς
864 4302 912 4367 οέικ
927 4302 1045 4367 ἐνεδίδου

279 4428 292 4441 '¹
335 4425 343 4447 ἲ
404 4426 412 4447 Ι
549 4426 557 4447 Ι
656 4427 663 4449 δ
688 4424 696 4447 ἵ
725 4428 734 4450 2
773 4430 780 4450 Ι
899 4429 907 4451 Ι
1036 4426 1044 4449 ἢ

258 4451 307 4508 της
328 4451 484 4498 ενστασεως
505 4454 607 4511 ταυτης
635 4434 697 4492 υνδε
718 4439 849 4495 επειθετο
873 4434 958 4514 λεγειν
982 4456 1046 4512 περι

257 4557 307 4634 τῆς
335 4557 392 4617 τῶν
420 4556 603 4637 προκειμίνων
628 4554 789 4632 ἐξετάσεως,
818 4561 867 4640 τῆς
892 4556 967 4622 κατά
988 4562 1045 4623 τῶν

257 4684 388 4765 μοναχων
406 4681 510 4766 δηλαδὴ
529 4681 668 4766 ἐγγράφου
687 4683 753 4766 παρ’
770 4684 856 4749 αἰτοῦ
870 4686 1045 4769 κατηγορίας,

258 4806 409 4890 ἐπίτρεψεν
442 4807 458 4891 ῆ
486 4809 628 4894 μετριότης
654 4809 732 4893 ἡμῶν
761 4811 980 4896 ἀναγνωσθῆναι
1008 4813 1047 4885 είς

258 4933 376 5018 ἐπῆκουν
389 4941 439 5018 τῆς
452 4936 568 5002 συνόδου
579 4936 645 5010 τοῦς
655 4937 743 5021 ἱεροῖς
753 4936 800 5003 καῖ
813 4939 1045 5014 θείουςκαιόνιις,

259 5063 290 5126 δι’
314 5057 355 5128 οῦν
378 5062 564 5148 ἀπηγόρευται
586 5062 633 5129 καῖ
655 5065 784 5148 οἰδαμως
805 5065 1046 5149 παρακεχώρηται,

260 5188 296 5274 μὴ
322 5190 407 5273 μόνον
435 5203 493 5266 τοῖς
518 5192 579 5257 κατ’
608 5192 694 5258 αι’ντδν
715 5193 788 5258 ἀλλά
810 5190 857 5258 καῖ
876 5203 936 5266 τοῖς
955 5191 1048 5266 ἄλλοις

1858 402 1901 468 45

1115 608 1184 668 πᾶσι
1198 603 1282 688 μηδίν
1294 629 1321 669 τι
1334 600 1397 689 περὶ
1410 604 1556 689 δογμάτων
1569 616 1658 681 κινεῖν,
1674 604 1721 671 καῖ
1735 618 1794 680 τοῖς
1808 605 1901 681 ἄλλοις

1115 729 1245 795 ἐντεῦθεν
1260 730 1374 804 πάντως
1388 730 1510 816 άνάγκην
1525 732 1680 799 ἐπιτνθάαν
1691 732 1754 817 περὶ
1768 733 1900 800 τοεοότων

1115 857 1336 942 ἀπολογεῖσθαι,
1362 857 1430 941 μηδὲ
1455 859 1648 927 διδασκαλικὸν
1674 862 1783 935 ἑαυτοῖς
1803 887 1900 943 περντν

1114 987 1221 1059 θέντας
1235 985 1346 1069 άξίωμα
1365 987 1490 1062 διεξιόιαι
1502 988 1569 1068 περί
1576 1014 1657 1051 τινων
1672 988 1900 1072 ἐκκλησιαστικοῦν

1113 1115 1285 1181 ῖποθέσεων.
1303 1112 1397 1196 μόνοις
1410 1112 1465 1197 γάρ
1480 1112 1566 1196 ἐδόθη
1581 1119 1663 1179 τοῦτο
1677 1125 1736 1188 τοῖς
1749 1116 1900 1200 άρχιερεῖσι

1114 1245 1186 1307 θεοῦ
1206 1240 1288 1324 παρά
1310 1245 1360 1324 τῆς
1381 1238 1496 1305 άνωθεν
1514 1240 1636 1325 χάριτος.
1658 1240 1725 1325 φησὶ
1748 1242 1801 1326 γάρ
1823 1242 1838 1309 ό
1857 1246 1898 1321 ξδ’

1113 1367 1208 1435 κανοῦν
1220 1374 1270 1453 τῆς
1283 1374 1308 1443 ς’
1321 1368 1437 1435 συνόδου
1454 1367 1496 1435 Οῦ
1509 1366 1561 1451 χρῖγ
1574 1369 1670 1434 λαῖκὸν
1684 1372 1801 1454 δημοσίᾳ
1819 1370 1900 1454 λόγον

1114 1507 1196 1563 κινεῖν
1215 1493 1233 1579 ῆ
1257 1494 1400 1570 διδάσκων,
1423 1497 1534 1580 ἀξίωμα
1556 1496 1749 1561 διδασκαλικόν
1771 1497 1900 1563 ἐντεῦθεν

1115 1624 1348 1707 περνποιοόμενον,
1370 1623 1430 1689 ἀλλ’
1453 1620 1531 1689 είκειν
1550 1628 1585 1706 τῆ
1603 1623 1684 1706 παρά
1703 1627 1796 1707 κυριόυ
1809 1652 1900 1709 παρα-

1116 1753 1233 1834 δοθείσρ
1250 1750 1329 1827 τάξει
1346 1748 1441 1819 καὶτὸ
1455 1744 1503 1824 οῦς
1516 1761 1575 1824 τοῖς
1588 1750 1638 1834 τὴν
1650 1751 1731 1835 χάριν
1746 1757 1794 1817 τοῦ
1809 1759 1900 1819 διδασ-

1115 1885 1228 1945 κιιλι-κοῦ
1248 1879 1329 1963 λόγου
1347 1883 1461 1963 λαβοῦσι
1476 1881 1620 1963 διανοίγειν
1634 1876 1682 1943 καῖ.
1696 1878 1734 1943 τά
1751 1889 1817 1944 θεῖα
1830 1879 1898 1965 παρ’

1116 2008 1209 2072 αιίτιῦν
1240 2005 1461 2072 ἐκδιδάσκεσθαι.
1491 2006 1520 2069 ἐν
1548 2006 1601 2091 γάρ
1629 2011 1664 2091 τῆ
1691 2011 1742 2090 μιᾷ
1772 2006 1900 2091 ἐκκλησίᾳ

1116 2135 1238 2218 διάφορα
1255 2135 1322 2217 μελη
1342 2136 1488 2216 πεποιήκεν
1502 2132 1517 2199 ὁ
1532 2133 1602 2207 θεὸς
1615 2132 1691 2199 κατά
1705 2134 1755 2218 τὴν
1767 2138 1818 2200 τοῦ
1832 2134 1900 2201 άνιο

1116 2264 1216 2329 στόλου
1234 2262 1336 2345 φωνῆν,
1355 2260 1389 2344 ἣν
1404 2260 1419 2326 ό
1434 2261 1569 2345 θεολόγος
1582 2260 1735 2345 ἑρμηνεύων
1748 2268 1781 2326 Γ
1776 2261 1900 2346 ρηγόριος

1115 2397 1216 2474 στοιχεῖς
1229 2388 1278 2474 τῆν
1297 2389 1325 2453 ἐν
1339 2389 1445 2461 τοίτοις
1458 2388 1538 2465 τάξιν·
1551 2390 1708 2471 παριστησι,
1723 2390 1809 2472 λίγων
1827 2389 1900 2454 rai»

1114 2546 1164 2601 την
1186 2517 1335 2601 αι’δώμεθα
1356 2515 1405 2600 τῆν
1423 2514 1510 2592 τάξιν,
1534 2515 1658 2599 άδελφοί,
1676 2515 1779 2600 ταότην
1797 2516 1900 2599 φυλάτ-

1114 2663 1216 2728 τωμεν·
1230 2641 1302 2727 όμέν
1311 2645 1382 2708 ἔστω
1390 2670 1431 2716 τις
1440 2642 1518 2725 άκοῆ,
1528 2643 1544 2707 ό
1554 2641 1583 2707 δὲ
1594 2648 1715 2726 γλῶσσα,
1731 2640 1789 2709 ῦδέ
1799 2646 1866 2728 χείρ,
1882 2642 1898 2709 ό

1115 2770 1144 2837 δέ
1157 2770 1225 2838 άλλό
1240 2789 1277 2836 τι·
1293 2769 1368 2853 ῦμέν
1383 2770 1568 2844 δνδασκίτω,ὁ
1584 2769 1613 2834 δέ
1626 2772 1808 2853 μανθανίτω·
1823 2769 1898 2837 καλό

1113 2898 1162 2983 μὲν
1189 2897 1347 2983 μανθάνων
1377 2898 1405 2961 ἐν
1433 2898 1584 2982 εῦπειθείηι,
1613 2896 1661 2962 καῖ
1686 2898 1847 2984 ὀχορηγοῦν
1870 2900 1899 2964 ἐν

1114 3027 1261 3111 ἱλαρότητι,
1281 3023 1328 3090 καῖ
1347 3025 1520 3110 ῦῦττουργιῦν
1535 3026 1563 3089 ἐν
1577 3027 1731 3110 προθυμιῆι.
1745 3025 1781 3110 μῆ
1796 3026 1899 3101 πάντες

1115 3150 1187 3239 ὦμεν
1201 3160 1324 3239 γλῶσσα,
1333 3154 1366 3219 τὸ
1375 3153 1557 3237 ἑτοιμότερον·
1572 3152 1609 3236 μῆ
1620 3154 1724 3226 πάντες
1737 3153 1897 3236 ἀπόστολοι,

1113 3282 1149 3367 μῖγ
1164 3283 1268 3356 πάντες
1282 3286 1431 3365 προφῆται,
1449 3281 1485 3365 μῆ
1500 3279 1603 3353 πάντες
1617 3282 1834 3365 δεερμηνεῦωμεν.
1850 3280 1897 3347 καῖ

1113 3410 1184 3493 μετά
1205 3438 1267 3475 τινα
1293 3411 1333 3475 Τί
1349 3407 1467 3474 σεαυτὸν
1490 3419 1576 3480 πονεῖς
1598 3411 1731 3491 ποιμόα,
1755 3410 1898 3494 πρόβατον

1114 3536 1169 3613 ὤνς
1190 3540 1220 3602 τί
1232 3539 1289 3620 γίνη
1304 3536 1417 3620 κεφαλῆ,
1433 3535 1503 3609 ποῦς
1516 3535 1674 3619 τυγχάνωνς
1696 3538 1727 3600 τί
1736 3549 1898 3621 στρατηγεῖν

1113 3664 1261 3749 ἐπιχειρεῖς,
1276 3664 1440 3747 τεταγμίιος
1455 3662 1483 3727 ἐν
1497 3662 1695 3745 στρατιάταιςς
1717 3662 1764 3728 καῖ
1778 3664 1898 3747 ἑτέρωθι

1111 3791 1153 3856 Ἡ
1165 3794 1252 3875 σοφία
1267 3791 1448 3856 διακελεόετια
1464 3790 1515 3874 Μῖγ
1531 3787 1591 3855 ίσθι
1607 3790 1693 3874 ταχὺς
1707 3791 1736 3854 ἐν
1748 3791 1847 3876 λόγοις,
1860 3791 1898 3876 μῖγ

1114 3920 1346 4004 συμπαρεκτείνου
1378 3919 1461 3999 πίνης
1493 3915 1533 3981 νῦν
1564 3920 1702 3998 πλουσίῳ,
1731 3917 1799 4001 μηδὲ
1828 3919 1898 4002 ζῆτα

1112 4054 1210 4132 σοφῶν
1230 4047 1299 4111 εἶναι
1312 4045 1478 4129 σοφώτερος.
1494 4047 1520 4110 εί
1531 4047 1565 4110 δι’
1575 4073 1616 4118 τις
1630 4044 1690 4126 ἁλῷ
1705 4045 1754 4111 τῖνν
1768 4045 1897 4129 παρόντα

1112 4173 1317 4257 παρασαλεῦων
1331 4171 1447 4247 κανόνα,
1468 4171 1512 4237 ε’πῖ
1528 4172 1629 4257 ῆμερας
1644 4173 1824 4257 άφοριζεσθω
1839 4198 1897 4238 τεσ-

1112 4301 1282 4386 σαράκοντα.
1305 4298 1353 4364 καῖ
1367 4300 1451 4365 πάλων
1472 4300 1487 4365 ὁ
1509 4306 1558 4383 τῆς
1579 4301 1608 4364 ἐν
1626 4300 1785 4383 Χαλκηδόνι
1804 4299 1898 4365 κανῶν

1112 4439 1154 4495 ιθ
1175 4436 1231 4494 Δεῖ
1247 4428 1312 4501 τοὺς
1333 4433 1390 4494 τῶν
1409 4429 1555 4510 ἐκκλησιῶν
1573 4433 1753 4511 προεστῶτας
1772 4426 1801 4491 ἐν
1819 4427 1898 4510 πάση

1112 4555 1161 4640 μέν
1175 4555 1270 4640 ῆμερᾳ,
1292 4555 1439 4639 ἐξαιρίτως
1452 4554 1482 4620 δὲ
1495 4565 1558 4629 ταῖς
1572 4565 1724 4637 κυριακαῖς,
1739 4553 1835 4619 πάντα
1849 4552 1898 4619 τὸν

1113 4689 1212 4767 κλῆρον
1231 4680 1278 4747 καῖ
1293 4683 1341 4748 τὸν
1355 4683 1424 4746 λαὸν
1439 4683 1605 4747 ἐκδιδάσκειν·
1619 4683 1684 4756 τοὺς
1697 4687 1746 4765 τῆς
1760 4682 1899 4766 εὐσεβείας

1113 4811 1218 4895 λόγους,
1241 4810 1271 4874 ἐκ
1285 4814 1334 4895 τῆς
1346 4811 1433 4884 θείας
1446 4815 1554 4893 γραφῆς
1568 4809 1783 4893 άνολεγομάους
1797 4809 1835 4874 τά
1850 4813 1899 4893 τῆς

1114 4938 1254 5020 α’ληθείας
1273 4935 1402 5020 νοῆματά
1421 4962 1452 5003 τε
1471 4934 1519 5001 καῖ
1540 4936 1661 5020 ῥήματα,
1684 4933 1732 5001 καῖ
1752 4936 1789 5020 μῖγ
1808 4961 1898 5021 παρα·

1113 5067 1264 5150 βαίνοντας
1281 5063 1346 5139 τοῦς
1363 5060 1415 5151 ἤδη
1432 5065 1571 5138 τεθέντας
1589 5060 1701 5149 όρουςῆ
1724 5063 1773 5149 τῆν
1795 5063 1824 5127 ἐκ
1843 5068 1899 5129 τῶν

1115 5192 1264 5277 θεοφόρονν
1287 5193 1418 5277 πατέρωτ
1431 5190 1597 5277 παράδοσιν,
1613 5190 1686 5256 ἀλλὰ
1705 5187 1752 5255 καῖ
1767 5191 1793 5256 εῖ
1805 5216 1899 5276 γραφι-
