4756 6194
517 378 578 441 104

515 585 680 666 σωματικῶς
698 580 773 644 κατά
793 579 826 644 τὸ
846 579 1006 662 θαυμάσιον
1024 585 1081 645 νοῦν
1100 586 1224 664 καρπῶν.
1252 580 1298 648 καί
1318 581 1362 647 ε’πί
1381 582 1488 656 τούτοις
1507 583 1590 649 πάλιν
1604 584 1747 648 Αίνίσατε
1769 582 1906 667 τὸόνομα
1919 586 2012 666 κυρίου
2027 589 2077 649 τοῦ
2090 589 2161 649 θεοῦ

515 710 605 792 ὑμῶν,
621 708 652 781 ὃς
667 708 792 789 ἐποίησεν
805 707 869 789 μεθ’
886 705 962 789 ύμοῦν
976 708 1139 791 θαυμάσια,
1159 707 1206 773 καί
1222 710 1254 775 ού
1267 709 1304 794 μὴ
1319 715 1514 794 καταισχυνθῇ
1530 709 1545 776 ὁ
1560 710 1629 783 λαός
1642 737 1695 793 μου
1708 713 1747 784 είς
1761 711 1810 777 τὸν
1825 713 1928 776 αιέῦνα·
1949 711 1965 777 ὃ
1979 717 2028 776 τοῦ
2043 711 2161 795 ε’σχάτου

517 835 573 904 ἐστὶ
588 842 684 919 καιροῦ
698 832 745 898 καί
760 836 799 906 εἰς
813 834 845 900 τὸ
859 839 959 916 λεῖμμα
973 835 1006 900 τὸ
1020 841 1160 909 πιστεῦον,
1181 837 1239 902 ἀπὸ
1254 842 1302 902 τοῦ
1317 839 1484 903 Σαλπίσατε
1497 840 1625 922 σάλπιγγι
1640 838 1668 903 ἐν
1682 841 1772 912 Σίων,
1794 840 1846 912 ἕως
1860 844 1909 904 τοῦ
1923 836 2031 905 Καλοῦ
2046 838 2082 922 μίγ
2097 866 2160 903 κατ-

518 970 656 1049 αισχυνθῇ
672 965 710 1028 ἔτι
725 962 740 1026 ύ
755 961 824 1034 λαός
837 990 889 1044 μου
904 964 943 1034 είς
956 962 1005 1028 τὸν
1020 964 1119 1027 αιέῦνα.

623 1098 659 1155 B.
680 1090 738 1173 Ἐφ’
755 1088 796 1162 οἷς
810 1088 827 1172 ίγ
842 1094 891 1154 τοῦ
904 1090 1060 1170 πνεύματος
1073 1091 1141 1155 καθ’
1159 1088 1224 1156 ὅλου
1238 1091 1338 1174 δωρεά,
1354 1092 1493 1175 άρξαμίνη
1507 1090 1556 1174 μὲν
1570 1092 1629 1158 άπὸ
1643 1097 1692 1176 τῆς
1705 1094 1817 1176 πρώτης
1828 1094 1993 1177 παρουσίας,
2002 1095 2159 1175 κελευομένη

516 1221 546 1287 δὲ
560 1222 588 1284 ε’ν·
602 1224 636 1301 τι]
651 1219 772 1300 δευτερηι,
788 1224 819 1280 K
821 1215 849 1281 αί
864 1221 923 1289 πάς
936 1215 985 1299 μῦν
1000 1216 1031 1290 ὃς
1046 1218 1082 1282 ιλν
1097 1219 1290 1300 ε’πικαλεσηται
1305 1219 1337 1284 τὸ
1352 1216 1441 1302 ὄνομα
1455 1221 1547 1302 κυρίου
1561 1218 1737 1303 σωθήσεται,
1758 1220 1803 1284 διά
1818 1222 1855 1285 τά
1871 1221 1940 1302 ἔθνη
1959 1222 2077 1304 λέγεται·
2100 1217 2161 1304 περί

516 1349 545 1414 δὲ
559 1354 608 1413 τοῦ
621 1344 732 1429 Ἰσραὴλ
747 1344 879 1428 ἐπάγεται
893 1341 935 1410 ὅτι
950 1345 979 1408 ἕν
993 1350 1033 1424 τῷ
1047 1343 1103 1424 ὄρει
1118 1345 1195 1410 Σιών
1210 1343 1257 1410 καί.
1273 1346 1301 1409 ἕν
1312 1345 1490 1430 Ἰερουσαλίγμ
1504 1346 1582 1412 ἔσται
1596 1347 1819 1429 άνασωζόμενος,
1842 1346 1889 1412 καὶ
1911 1348 1940 1411 ἐν
1960 1359 2017 1420 τοῖς
2034 1347 2160 1431 ύπολειφ

515 1488 607 1542 θεῖσιν
622 1473 670 1546 οὓς
684 1473 775 1555 κύριος
789 1474 904 1536 καλεσει.

621 1608 656 1665 Γ.
679 1597 739 1663 Καί
754 1599 824 1682 μετά
840 1599 889 1682 τὴν
904 1598 1040 1663 ἐπάνοδον
1054 1599 1164 1683 Ἰσραὴλ
1179 1600 1273 1664 ἐθνῶν
1288 1599 1390 1683 ἐφόδου
1402 1600 1550 1683 πρόρρησις
1568 1599 1615 1665 καί
1635 1601 1728 1684 ἰσχύος
1739 1601 1849 1684 Ἰσραὴλ
1868 1599 1943 1666 κατά
1963 1602 2069 1675 ε’θνιῦν,
2089 1600 2162 1668 ιύστε

518 1731 726 1814 αι’χμαλωτίζειν
741 1725 787 1790 καὶ
807 1727 918 1798 δούλους
938 1737 1036 1791 ποιεῖν·
1059 1728 1119 1791 εἶτα
1139 1727 1290 1810 ἐπιφανοῦς
1309 1729 1429 1811 ε’νεργίας
1448 1733 1519 1793 θεοῦ
1537 1728 1612 1794 κατά
1631 1734 1688 1793 τῶν
1706 1728 1935 1811 ἕπελευσομενων,
1957 1729 2022 1812 μεθ’
2043 1728 2076 1812 ἢν
2093 1731 2162 1814 λέγει

517 1856 579 1923 Καὶ
594 1859 672 1922 ἔσται
682 1851 862 1937 Ἰερουσαλὴμ
876 1852 943 1937 ἁγία
948 1902 956 1934 ,
980 1851 1026 1917 καί
1042 1855 1195 1937 άλλογενεῖς
1209 1854 1241 1919 ού
1255 1855 1436 1921 διελεύσονται
1451 1856 1489 1920 ἔτι
1504 1856 1535 1919 δι’
1553 1856 1638 1939 αύτης
1651 1855 1747 1920 ούκίτι.
1773 1853 1842 1939 ὅπερ
1858 1855 1930 1938 μετά
1948 1854 1997 1939 τὴν
2016 1857 2046 1933 ἐξ
2066 1858 2162 1942 αι’χμα·

516 1987 620 2057 λωσίιις
634 1987 854 2067 Βαβυλωνιακῆς
874 1981 1010 2045 ἐπάνοδον
1030 1981 1062 2046 ού
1081 1984 1199 2065 γίγονεν,
1222 1981 1261 2054 ὡς
1279 1981 1295 2048 ό
1314 1982 1457 2064 προφήτης
1475 1993 1605 2063 προεῖπεν
1619 1979 1708 2049 Ὅταν
1727 1984 1886 2065 ε’πιστρελμω
1905 1981 1955 2066 τίγν
1970 1984 2163 2066 αἰχμαλωσίαν

514 2113 606 2178 Ἰούδα
623 2108 671 2175 καί
682 2109 869 2192 Ἰερουσαλήμ·
889 2109 962 2173 ἀλλά
977 2114 1094 2191 Χριστῴ
1112 2108 1286 2191 πεφύλακται
1304 2115 1344 2189 τῷ
1363 2108 1552 2192 ε’πισυνάγοιτι
1572 2110 1636 2183 τούς
1651 2110 1764 2194 ἐγγενεῖς
1777 2114 1826 2194 τῆς
1838 2109 2014 2193 Ἰερουσαλὴμ
2028 2111 2162 2194 πνεύματι

517 2238 564 2305 καί
578 2239 693 2321 σώματι.

623 2371 658 2429 A.
684 2362 746 2429 Καὶ
762 2363 856 2447 ἐπάγει
874 2365 1069 2446 καρποφορίαν
1088 2362 1251 2445 παράδοξον
1270 2361 1317 2427 καὶ
1336 2368 1393 2427 τῶν
1413 2363 1549 2446 ἀκάρπων
1563 2369 1669 2449 βουνοῦν
1688 2362 1734 2429 καί
1752 2364 1838 2447 ὀρῶν,
1861 2362 1908 2428 καί
1925 2363 2013 2448 πηγὴν
2035 2365 2064 2441 ἐξ
2088 2364 2163 2430 οἴκου

516 2496 608 2576 κυρίου
626 2494 823 2576 προχεομένην,
846 2491 958 2573 ἐρημίαν
984 2488 1014 2554 δὲ
1034 2496 1134 2575 χωρῶν
1153 2495 1210 2555 τοῦτ·
1228 2493 1378 2572 πολεμίων,
1399 2496 1448 2574 τῆς
1471 2487 1500 2553 δὲ
1516 2491 1654 2564 Ἰουδαίας
1671 2491 1846 2574 κατοικισμόν
1869 2491 1980 2556 αιἰύνιον
2002 2491 2049 2558 καί
2071 2494 2163 2575 κυρίου

517 2620 726 2703 κατασκήνωσιν
735 2618 867 2692 εἰςΣιιύν,
880 2617 938 2683 άπὸ
951 2623 999 2682 τοῦ
1006 2616 1067 2683 Καὶ
1083 2618 1160 2683 ἔσται
1175 2618 1203 2681 ἐν
1217 2622 1251 2699 τῇ
1265 2617 1351 2701 ι’γμίρᾳ
1367 2618 1452 2699 ἐκείνη
1468 2617 1620 2695 άποστάξει
1635 2617 1672 2683 τοὶ
1687 2617 1737 2701 ὄρη
1752 2619 1916 2702 γλυκασμόν,
1933 2618 1985 2692 ἕως
1998 2623 2047 2683 τοῦ
2061 2620 2162 2693 τελονς.

1184 2834 1241 2899 ΕΝ
1257 2832 1319 2899 ΤΩ
1335 2835 1501 2901 ΑΒΔΙΟΥ.

623 2979 666 3040 A.
686 2976 730 3039 ‘H
741 2975 945 3039 κατὰπάντων
960 2973 1054 3037 ε’θνοῦν
1069 2973 1165 3058 ἀπειλὴ
1181 2974 1240 3038 κατ’
1258 2975 1357 3058 άρχην,
1378 2975 1406 3038 ἐν
1422 2975 1463 3047 οἷς
1482 2973 1529 3039 καί
1548 2974 1565 3058 ίγ
1584 2974 1659 3040 κατὰ
1672 2976 1841 3058 Ἰδουμαίας,

516 3110 566 3172 τοῦ
577 3107 702 3170 Ἐκεῖθεν
716 3102 831 3179 κατάξω
846 3127 889 3174 σε,
908 3102 977 3184 λέγει
990 3101 1087 3183 κύριος.
1103 3099 1149 3165 καί
1165 3101 1193 3164 ἐν
1207 3103 1277 3166 τελει
1291 3131 1307 3185 η
1323 3103 1404 3185 αῦτη
1426 3105 1549 3185 σωτηρία
1563 3100 1593 3166 δὲ
1607 3103 1636 3166 ε’ν
1650 3108 1691 3183 τῷ
1706 3100 1762 3186 όρει
1776 3102 1854 3166 Σιὼν
1868 3101 1917 3168 καὶ
1928 3102 2094 3186 κατάσχεσις
2108 3109 2165 3168 των

517 3234 610 3296 ε’θνών
625 3230 681 3298 ύπό
693 3229 804 3311 Ἰσραὴλ
818 3227 865 3293 καὶ
881 3229 1021 3300 άνάλωσις
1035 3233 1092 3291 τών
1107 3229 1218 3311 ι’χθριῦν
1238 3226 1285 3293 καὶ
1304 3230 1342 3302 είς
1361 3229 1431 3294 θεὸν
1449 3228 1465 3311 η
1484 3234 1612 3313 βασιλεία
1630 3230 1757 3303 πάντων,
1780 3229 1800 3293 εἳ
1819 3236 1971 3313 πληροῦται
1991 3231 2019 3294 ἐν
2035 3235 2165 3312 Χριστῷ·

517 3360 576 3424 άπὸ
591 3364 640 3425 τοῦ
655 3358 735 3423 Διότι
749 3357 827 3440 ε’γγύς
840 3355 927 3438 ν’γμίρα
941 3358 1046 3437 κυρίου,
1063 3356 1114 3428 ἕως
1128 3361 1177 3420 τοῦ
1191 3356 1293 3428 πίλους.

1208 3574 1266 3639 ΕΝ
1282 3572 1345 3639 ΤΩ
1360 3573 1473 3640 ΙΩΝΑ.

622 3719 664 3778 A.
685 3714 718 3780 '0
737 3714 823 3786 τύπος
840 3717 889 3778 τοῦ
909 3715 1000 3794 κυρίου
1019 3713 1047 3775 εἰ·
1067 3714 1156 3795 κοιλίᾳ
1185 3713 1283 3795 κύτους
1302 3716 1356 3789 ζιῦν
1374 3711 1422 3776 καὶ
1441 3719 1516 3786 σῶος
1535 3713 1593 3778 άπὸ
1612 3713 1710 3796 κύτους
1724 3713 1829 3796 προὶιύν
1843 3713 1889 3779 καί
1904 3715 2047 3796 κηρύσσων
2063 3715 2167 3786 ἀδίκοις

517 3843 638 3925 ὄλεθρον
653 3844 692 3914 είς
707 3841 880 3923 ἐπιστροφή-ν.

622 4151 664 4210 A.
688 4145 759 4227 Περὶ
779 4151 828 4210 τοῦ
848 4146 983 4228 λειψάεου
1002 4151 1051 4210 τοῦ
1063 4143 1174 4228 Ἰσραὴλ
1193 4143 1240 4209 καί
1260 4143 1322 4227 περὶ
1341 4151 1390 4211 τοῦ
1409 4146 1576 4230 κληρονόμου
1594 4148 1750 4231 προφητεία
1769 4147 1798 4210 ἓν
1817 4150 1857 4226 τῷ
1875 4147 2008 4228 λε’γεσθαι
2027 4146 2167 4229 πόρθησιν

518 4276 611 4342 αύτῶν
625 4272 672 4338 καὶ
687 4276 888 4357 αἰχμαλωσίαν,
903 4273 1094 4356 λαμβάνοντος
1110 4274 1139 4349 ἔξ
1155 4273 1248 4338 αὐτῶν
1261 4279 1333 4338 θεοῦ
1347 4273 1446 4338 στάσιν
1461 4273 1555 4347 αύτοῦ,
1571 4274 1611 4348 ως
1625 4272 1641 4339 ό
1654 4273 1779 4346 Ἡσαΐας
1793 4272 1843 4355 τὴν
1858 4273 1957 4338 στάσιν
1971 4278 2021 4356 τῆς
2032 4272 2167 4356 Ἰερουσα-

516 4402 570 4486 λὴμ
593 4401 677 4486 άγίαν
698 4400 781 4484 φησίν
803 4450 929 4464 .......
938 4398 977 4483 ¹)'
1001 4399 1058 4465 άπὸ
1081 4405 1130 4465 τοῦ
1148 4400 1284 4482 Ληιμεται
1304 4401 1333 4477 ἐξ
1350 4400 1427 4483 ὑμῶν
1445 4401 1544 4467 στάσιν
1563 4401 1661 4474 αύτοῦ,
1682 4402 1760 4484 μίχρι
1777 4405 1827 4466 τοῦ
1841 4399 1914 4473 Ἕως
1933 4399 1982 4466 τὸν
1999 4402 2166 4483 κληρονόμον

518 4530 615 4614 άγάγω
633 4556 684 4595 σοι.

680 4655 904 4677 .,.,,
1079 4656 1334 4678 ,.,,
1473 4654 2109 4677 ,,,,,,,,

624 4663 659 4721 Β.
688 4663 713 4723 0
729 4684 757 4720 εν
771 4684 804 4738 τη
820 4663 946 4736 επανοδη)
960 4665 1167 4739 καθηγουμενος
1181 4682 1230 4720 του
1250 4661 1356 4739 Ισραηλ
1369 4661 1510 4739 βασιλευς,
1530 4666 1593 4719 καθ
1617 4685 1633 4722 ο
1652 4661 1720 4739 λεγει
1738 4684 1754 4720 ο
1773 4681 1917 4739 προφηπης
1933 4662 1998 4736 Προ
2013 4681 2166 4738 προσωπου

518 4785 610 4850 αύτιῦν
624 4786 760 4867 διίκοφαν
775 4785 871 4865 πύλην,
891 4780 938 4847 καί
953 4783 1070 4865 ἔξηλθεν
1085 4781 1100 4848 ό
1115 4783 1241 4867 βασιλεύς
1261 4783 1354 4848 αὐτῶν
1373 4783 1427 4865 πρὸ
1447 4783 1598 4865 προσώπου
1616 4783 1721 4849 αύτιῦν·
1742 4782 1801 4848 άπό
1824 4788 1873 4848 τοῦ
1892 4781 1954 4847 Καὶ
1970 4783 2048 4848 ἔσται
2067 4782 2096 4846 ἐκ
2115 4787 2165 4865 τῆς

517 4913 653 4996 σταγόνος
666 4918 716 4977 τοῦ
729 4917 800 4976 λαοῦ
815 4910 912 4983 αύτοῦ,
929 4910 980 4982 ἕως
994 4914 1042 4975 τοῦ
1055 4909 1088 4975 ‘0
1103 4908 1132 4973 δὲ
1147 4910 1236 4994 κύριος
1249 4910 1380 4994 ἡγήσεται
1395 4911 1495 4975 αὐτῶν.

620 5099 638 5162 ¹)
656 5095 691 5148 In
709 5095 808 5152 codiee
827 5093 964 5164 scriptum
982 5100 1025 5148 est
1040 5095 1191 5165 πρόθηοης,
1210 5095 1288 5166 quod
1307 5099 1467 5163 corruptum
1486 5110 1549 5150 esse
1566 5099 1694 5165 apparet.
1727 5093 1851 5149 Videtur
1866 5093 2097 5165 πορθηθνζσεσθιιι
2115 5092 2161 5146 vel

519 5179 609 5233 simile
623 5180 692 5252 quid
705 5179 904 5250 corrigendum
918 5195 988 5233 esse.
