4756 6194
302 612 460 722 Καθδς*)
487 637 517 705 δὲ
542 635 625 724 φησὶν
647 633 724 723 (hoo
747 644 884 701 accentu
906 632 1025 719 codex)

240 769 397 855 ἐγκωμιάζει
415 768 465 836 τόν
482 764 672 852 εῦαγγελιστήν
688 764 818 847 Ἰωάννην
832 762 998 848 Σωφρόνιος
1011 759 1027 826 6

240 897 397 982 άγιάτατος
416 894 590 979 πατριάρχης
609 891 811 976 Ἰεροσολόμων.
838 890 959 956 διδάσκει
980 888 1029 972 τήν

240 1029 289 1092 τοῦ
298 1028 374 1090 θεοῦ
388 1023 534 1105 ἐκκλησίαν
548 1017 590 1088 ότι
604 1019 698 1104 τιατήρ
712 1024 761 1084 τοῦ
774 1018 911 1102 θεολόγον
922 1016 938 1082 6
950 1023 1032 1101 Ζεβε-

241 1159 319 1224 δαῖον
332 1145 378 1235 ἐν,
399 1146 462 1234 ἡδέ
474 1148 561 1232 ν’ννε
575 1146 709 1230 Σαλώνιον
724 1144 853 1229 θνάνιε
866 1142 968 1227 Ἰννῦν
983 1145 1032 1209 τοῦ

240 1278 478 1362 μνηστευσαμένου
496 1274 546 1360 τήν
566 1275 650 1360 άγιάν
664 1272 808 1338 θεοτάκον.
831 1271 847 1336 6
862 1271 916 1356 γάρ
928 1270 1031 1353 Ἰωσήφ

241 1407 382 1488 τέσσαρας
402 1403 477 1477 οῖοῦς
498 1402 576 1486 ἔσχεν
597 1398 645 1465 καί
667 1401 829 1486 θυγατέρας
849 1408 934 1481 τρεῖς·
958 1397 1033 1471 υῖοὺς

240 1529 289 1615 μέν
309 1531 460 1615 Ἰάκωβον,
481 1532 616 1612 Σίμωνα,
643 1527 749 1593 Ἰοόδαν
772 1523 819 1591 καί
841 1526 921 1609 Ἰωσῆ
945 1521 1032 1609 (cod.

241 1657 316 1723 Par.
338 1652 469 1743 Ἰωσήφ)·
493 1655 655 1740 θογατίρας
681 1651 711 1718 δέ
732 1654 781 1737 τήν
805 1679 836 1718 τε
855 1651 963 1736 Ἐσθέγρ
984 1647 1033 1717 καί

242 1785 290 1869 τήν
306 1785 441 1866 Μάρθαν
462 1782 509 1849 καί
531 1781 580 1866 τήν
599 1781 749 1865 Σαλώμην,
763 1778 823 1866 ήτις
844 1775 877 1865 ἐγν
898 1778 962 1864 γυνή
984 1775 1033 1862 μέν

242 1914 405 1997 Ζεβεδαίου,
426 1911 513 1994 μήτηρ
535 1908 565 1974 δὲ
585 1909 727 1974 Ἰωάννου
750 1907 880 1975 ἐντεῦθεν
901 1906 917 1973 6
939 1904 1032 1991 σωτήρ

243 2049 322 2114 θεῖος
342 2034 376 2123 ήν
396 2037 527 2103 Ἰωάννου
547 2036 587 2110 ιῦς
609 2036 729 2119 ἀδελφὸς
750 2039 800 2119 τής
820 2034 963 2118 Σαλώμης
983 2037 1033 2118 τῆς

243 2165 387 2251 θυγατρὸς
399 2165 509 2248 Ἰωσήφ.
573 2159 617 2230 ῦτι
634 2163 718 2246 μόνον
732 2161 782 2228 τόν
796 2158 875 2247 άγιον
890 2161 1002 2246 Πίτρον
1015 2158 1032 2228 6

243 2296 333 2378 κίριος
356 2293 503 2378 ἐβάπτισεν
526 2292 637 2364 οἰκείαις
654 2291 755 2374 χερσίν,
774 2287 823 2356 καῖ
842 2289 955 2373 Πέτρος
971 2288 1032 2353 Ἀν

244 2423 334 2506 δρίαν,
356 2417 404 2485 καί
420 2419 555 2501 Ἀνδρίοις
570 2417 703 2502 Ἰάκωβον
720 2414 768 2482 καὶ
781 2415 920 2499 Ἰωάννην,
940 2413 1034 2481 Ἰωάν-

243 2577 292 2633 νης
310 2544 341 2612 δέ
359 2544 407 2613 καῖ
420 2546 553 2630 Ἰάκωβος
566 2545 632 2619 τοῦς
645 2544 757 2618 λοιποὺς
772 2542 954 2616 ἀποστόλους.

244 2672 286 2741 ὅτι
299 2675 415 2740 σάντων
428 2674 572 2758 φυγόντων
590 2673 674 2756 μόνος
686 2671 817 2754 Ἰωάννης
830 2669 846 2737 6
860 2670 1034 2755 ήγανιημενος

245 2803 273 2866 ἐν
287 2829 317 2867 τε
330 2806 365 2885 τῇ
379 2801 535 2884 παραδόσει
551 2794 749 2884 (cod-dotant)
764 2795 812 2862 καί
827 2799 856 2862 ἐν
867 2802 907 2878 τῷ
920 2800 1033 2880 σταορρῦ

244 2932 377 3014 παρίστη,
398 2927 446 2994 καὶ
464 2928 504 3001 είς
518 2928 566 2995 τὸν
581 2927 673 3010 τάφον
688 2930 737 2991 τοῦ
751 2927 844 3009 κυρίου
858 2928 969 3006 πρῶτος
983 2928 1033 2989 τοῦ

246 3058 357 3140 Πίτρου
376 3049 473 3140 ήλθεν,
495 3052 549 3119 κάν
567 3059 678 3138 πρῶτος
696 3052 745 3119 οῦκ
759 3054 899 3136 εἰσῆλθεν·
922 3047 970 3115 καί
990 3048 1033 3117 ότι

244 3184 293 3269 τήν
313 3183 397 3268 ἁγίαν
410 3181 548 3248 θεοτόκυν
568 3183 607 3254 είς
620 3180 658 3246 τά
673 3179 730 3246 ίδια
744 3180 842 3265 ’ἐλαβεν
855 3177 871 3244 6
886 3176 1033 3261 θεολόγος’

244 3311 291 3378 καί
310 3308 353 3377 ότι
371 3309 460 3383 ὅντως
479 3308 523 3375 ἐντί
542 3314 590 3392 γῆς
604 3319 677 3393 τρεῖς
689 3308 810 3392 μητίρας
825 3306 944 3390 ἔσχηκεν,
967 3307 1034 3388 μίαν

244 3436 292 3522 μέν
310 3438 361 3522 τήν
379 3435 529 3520 Σαλώμην,
551 3436 582 3513 ἐξ
599 3429 632 3520 ής
649 3432 698 3501 καί
716 3436 879 3519 γεγέννηται,
905 3433 1034 3516 δευτέραν

246 3563 276 3631 δέ
297 3563 340 3632 ὅτι
361 3567 478 3650 βροντῆς
498 3563 557 3638 υίὸς
576 3562 754 3648 ἐχρημάτισεν
772 3561 854 3645 παρὰ
868 3565 918 3626 τοῦ
932 3560 1033 3644 κυρίου,

246 3696 338 3777 τρίτην
358 3689 388 3756 δέ
405 3690 455 3776 τήν
478 3690 561 3775 άγίαν
577 3693 705 3775 Μαρίαν,
727 3688 803 3754 κατά
820 3687 854 3754 τὸ
872 3685 961 3770 ῥηθέν
979 3685 1034 3752 ῦιιδ

246 3824 295 3887 τοῦ
320 3820 414 3902 κυρίου
435 3817 506 3883 Ἰδοῦ
531 3816 547 3900 ή
570 3817 658 3901 μήτηρ
679 3843 737 3883 σου.
816 3812 859 3883 ὅτι
880 3813 930 3899 τήν
952 3813 1035 3897 ἀγίαν

246 3945 384 4013 θεοτάκον
403 3945 515 4030 Πίτρος
534 3942 581 4010 καί
594 3944 725 4026 Ἰωάννης
739 3943 907 4029 ἐβάπτισεν·
930 3938 978 4006 καλ
992 3937 1035 4007 ότι

247 4075 324 4157 με’χρι
344 4077 395 4154 τῆς
415 4072 565 4156 κοιμήσεως
586 4076 669 4156 συνῆν
691 4071 761 4152 αίννή
785 4068 801 4135 6
822 4069 965 4153 θεολόγος,
987 4064 1035 4133 καί

246 4200 316 4282 μετά
330 4199 381 4284 τήν
396 4199 481 4282 αι’τής
494 4202 616 4283 κοίμησιν
630 4192 717 4282 ήλθεν
733 4197 761 4262 ἐν
773 4197 887 4280 Ἐφέσῳ.

313 4321 404 4400 Οῦτος
415 4324 445 4391 δὲ
456 4324 530 4392 ἐστίν
543 4320 603 4410 (ita
611 4322 730 4412 codex)
745 4324 882 4407 Ἰωάννης,
896 4322 1037 4407 δνήγάνια

247 4452 263 4519 6
278 4453 377 4536 κῦριος,
392 4452 408 4519 ό
422 4451 470 4518 καί
484 4453 639 4536 τιαρθίνος,
655 4452 670 4518 ό
685 4452 718 4517 τὸ
733 4452 801 4517 καθ’
819 4450 918 4517 ἑαυτὸν
930 4451 1036 4534 εῦαγγί-

246 4587 304 4646 λιον
325 4581 566 4664 συγγραψάμενος,
588 4575 664 4653 ὅστις
685 4579 775 4662 ἐμενεν
794 4579 823 4643 ἐν
841 4578 1037 4661 Ἰεροσολῦμοις

247 4709 285 4780 εἰς
308 4706 357 4791 τήν
379 4708 523 4791 λεγομένην
545 4705 629 4791 ἀγίαν
650 4705 729 4771 Σαῦν
746 4703 796 4789 τήν
814 4711 870 4770 τῶν
889 4706 1036 4788 ἐκκλησιῶν

246 4836 358 4917 μητίρα.
381 4835 409 4898 ἐν
432 4835 502 4917 αένιή
522 4830 551 4898 δέ
570 4828 603 4917 ήν
622 4832 639 4916 ή
659 4834 733 4899 οίκία
752 4834 845 4899 αῦτοῦ.
869 4833 924 4898 ἐκεῖ
936 4833 1036 4916 ἔφυγον

1848 427 1889 491 23

1096 635 1121 700 οἱ
1145 634 1297 701 ἀπόστολοι
1322 631 1368 698 διά
1390 632 1438 699 τόν
1459 632 1548 716 φόβον
1569 637 1626 698 των
1650 632 1803 699 Ἰουδαίων·
1834 633 1891 697 ἐκεῖ

1095 773 1155 836 τοῖς
1174 771 1321 845 μαθηταῖς
1342 759 1430 843 ἐφάνη
1449 759 1465 826 6
1485 760 1576 843 κῦριος
1593 759 1665 843 μετά
1679 759 1712 826 τό
1730 759 1887 844 ἀναστῆναι

1099 888 1184 957 αῦτδν
1219 889 1250 954 ἐκ
1283 893 1386 971 νεκρῶν
1422 892 1479 953 τῶν
1506 892 1605 972 θυροῦν
1626 891 1820 969 κεκλεισμενοῦν
1840 886 1888 954 καῖ

1098 1018 1198 1084 ἐδωκεν
1220 1015 1315 1089 αῦτοῖς
1337 1020 1445 1098 πνεῦμα
1467 1011 1558 1099 άγιον·
1581 1014 1638 1080 ἐκεῖ
1652 1019 1686 1098 τή
1706 1014 1788 1098 ὀγδόη
1801 1014 1889 1098 ήμερχι

1100 1143 1321 1229 ἐνιληροφόρησεν
1347 1147 1457 1225 Θωμᾶν
1484 1145 1580 1220 δείξας
1607 1142 1684 1223 αὐτῷ
1702 1143 1767 1216 τοὺς
1788 1142 1891 1216 τόκους

1101 1266 1191 1356 (Par.
1228 1270 1277 1336 τὸν
1312 1267 1412 1357 τόπον)
1450 1274 1507 1335 τῶν
1534 1267 1620 1354 ήλων
1647 1270 1706 1335 ἐκεῖ
1730 1269 1890 1354 ήτοηιάσθη

1099 1408 1198 1483 φαγεῖν
1216 1397 1249 1464 τὸ
1268 1397 1368 1482 πάσχα
1386 1396 1457 1479 μετά
1472 1402 1528 1462 τῶν
1542 1402 1682 1480 μαθητῶν
1698 1397 1783 1463 αίτοῦ
1799 1393 1888 1481 (Par.

1100 1528 1158 1592 ἐκεῖ
1173 1527 1274 1610 ἔφαγεν
1292 1524 1342 1590 τὸν
1360 1530 1470 1590 δεῖνινον
1488 1529 1522 1607 τῇ
1538 1523 1605 1608 ἀγίηι
1619 1521 1671 1611 ε’)·
1691 1524 1799 1589 ἐκεῖθεν
1812 1525 1891 1609 ῦμιή·

1100 1680 1200 1727 σαντες
1214 1654 1335 1736 ἐξῆλθον
1349 1653 1387 1725 είς
1408 1651 1441 1718 τδ
1457 1650 1522 1736 ὅρος
1537 1657 1594 1716 τῶν
1617 1652 1716 1717 ἐλαιοῦν
1737 1653 1777 1725 είς
1788 1655 1890 1737 χωριόν

1100 1788 1131 1847 Γ
1128 1785 1267 1865 εθσιμανή
1283 1774 1355 1863 (sic,
1371 1779 1446 1843 Par.
1463 1785 1495 1843 Γ
1491 1776 1674 1864 εθσημανεί)’
1698 1779 1754 1844 ἐκεῖ
1770 1778 1802 1846 τό
1818 1785 1891 1862 τιριῦ-

1099 1934 1149 1974 τον
1166 1906 1313 1992 μυστήριον
1334 1907 1463 1973 ἐτελεσαν
1482 1906 1683 1982 οῖάιτόστολοι,
1704 1906 1759 1991 πρὸ
1775 1908 1890 1972 πάντων

1100 2035 1250 2101 ἐπισκοτον
1272 2033 1513 2119 χειροτονήσαντες
1538 2033 1682 2120 Ἰάκωβον·
1709 2034 1741 2102 οῦ
1763 2034 1812 2101 τὸν
1834 2035 1892 2101 οἷὸν

1099 2164 1251 2247 Ζεβεδαίου
1273 2160 1322 2228 τὸν
1345 2160 1466 2244 ἀδελφὸν
1483 2160 1613 2227 Ἰωάννου
1633 2166 1683 2228 τοῦ
1701 2162 1892 2246 εὐαγγελιστοῦ

1099 2291 1184 2374 λέγω,
1208 2288 1282 2354 ἀλλά
1304 2288 1353 2355 τόν
1375 2288 1496 2372 ἀδελφὸν
1520 2294 1570 2355 τοῦ
1590 2291 1684 2372 κυρίου
1705 2289 1782 2372 ήμων
1804 2290 1892 2372 Ἰησοῦ

1101 2420 1227 2500 Χριστοῦ
1248 2415 1323 2481 κατά
1345 2415 1451 2500 σάρκα,
1475 2415 1524 2481 τὸν
1545 2415 1593 2482 καὶ
1613 2415 1672 2481 υἱὸν
1693 2421 1743 2482 τοῦ
1764 2418 1892 2490 τεκτονος

1099 2543 1209 2626 Ἰωσήφ.
1240 2541 1255 2607 6
1287 2542 1341 2627 γάρ
1368 2542 1501 2628 Ἰάκωβος
1529 2542 1699 2627 όμαθητής
1726 2549 1776 2610 τοῦ
1799 2546 1892 2627 κυρίου

1099 2671 1158 2746 υἱός
1177 2673 1226 2755 μίν
1241 2671 1299 2737 ἐστι
1311 2672 1475 2755 Ζεβεδαίου,
1498 2670 1620 2754 ἀδελφός
1642 2668 1672 2735 δέ
1691 2671 1821 2736 Ἰωάννου
1843 2676 1893 2737 τοῦ

1100 2798 1289 2882 εὐαγγελιστοῦ
1325 2797 1355 2860 ἐκ
1383 2801 1432 2881 τῆς
1459 2797 1609 2872 Ἰουδαίας·
1638 2805 1789 2883 Ζεβεδαῖος
1817 2798 1847 2864 δέ
1876 2800 1892 2865 6

1100 2924 1193 3010 πατήρ
1208 2925 1302 2992 αῦτοῦν
1324 2925 1527 3023 ἰδιοναόκληρος
1543 2926 1659 3010 λέγεται,
1680 2931 1736 2991 τῶν
1755 2924 1785 2991 δέ
1804 2927 1892 3011 ἐρωή.

1100 3080 1160 3136 μων
1175 3051 1285 3136 ἀνδρῶν
1298 3051 1418 3137 ῦαήρχεν
1432 3057 1552 3136 πρῶτος.

1160 3177 1197 3246 Ὃ
1215 3175 1247 3245 δέ
1266 3177 1282 3247 6
1303 3179 1433 3262 Ἰωάννης
1454 3180 1542 3260 ἐντιβ
1561 3181 1621 3245 κατ’
1643 3179 1731 3249 αῦτδν
1745 3182 1892 3267 εὐαγγελίῳ

1101 3304 1163 3390 περὶ
1177 3307 1278 3371 ἑαυτοῦ
1291 3306 1368 3391 λε’γει,
1383 3303 1425 3375 ἀει
1439 3306 1455 3373 6
1469 3308 1602 3392 μαθητής
1616 3300 1760 3394 ἐκεῖνοςήν
1769 3311 1893 3392 γνωστὸς

1101 3439 1142 3515 τῷ
1166 3434 1292 3518 ἀρχιερεῖ,
1315 3435 1445 3518 τοιαῦτην
1465 3433 1518 3518 ἔχει
1536 3434 1585 3518 τήν
1604 3435 1728 3517 δήλωσιν.
1743 3432 1825 3511 οἶτος
1840 3437 1894 3522 γάρ

1100 3561 1172 3645 μετά
1200 3559 1250 3645 τήν
1278 3560 1404 3645 τελευτήν
1429 3563 1581 3646 Ζεβεδαίου
1608 3567 1658 3627 τοῦ
1687 3563 1756 3627 ἰδίου
1785 3565 1894 3647 πατρὸς

1102 3689 1224 3754 ἀτιίδοτο
1240 3682 1573 3775 (οοᾶ.ι1ῒεει]ιιθ·δωτο)
1589 3689 1638 3773 τήν
1653 3688 1727 3755 κατά
1736 3693 1894 3757 Γαλιλαίαν

1102 3820 1196 3899 κτῆσιν
1209 3820 1259 3881 τοῦ
1274 3815 1455 3898 ἐτιιλαχόντος
1470 3815 1547 3897 αιάηῦ
1561 3814 1616 3882 tut
1624 3821 1776 3903 Ζεβεδαίου
1786 3820 1892 3903 μέρους,

1102 3941 1150 4007 καί
1173 3943 1309 4027 ἐκτήσατο
1330 3936 1418 4026 (cod.
1439 3952 1575 4029 uterque
1590 3940 1686 4030 ἐκτίσ.)
1708 3945 1737 4009 ἐν
1749 3944 1894 4030 Ἰεροσολό

1102 4097 1163 4154 μοις
1179 4066 1267 4154 (Par.
1284 4068 1375 4134 addit
1390 4070 1482 4152 ἐτερον
1496 4075 1588 4154 κτῆμα
1594 4069 1615 4156 )
1635 4069 1707 4138 ὅθεν
1725 4068 1895 4157 γνωστδςήν

1102 4196 1170 4282 φησί
1189 4202 1230 4279 τῷ
1252 4197 1374 4281 ἀρχιερεῖ
1385 4191 1474 4279 (Par.
1490 4197 1582 4261 addit
1600 4198 1630 4262 ἐκ
1644 4205 1693 4265 τοῦ
1706 4201 1793 4283 με’νειν
1808 4201 1894 4267 αῦτδν

1103 4326 1142 4399 είς
1156 4324 1206 4409 τήν
1219 4320 1322 4409 πόλιν).
1345 4318 1427 4397 οῦτος
1441 4324 1555 4402 ἐδίξατο
1571 4324 1630 4393 ἀπὸ
1645 4331 1695 4410 τῆς
1709 4327 1893 4410 σταυρώσειος

1104 4458 1153 4519 τοῦ
1167 4457 1294 4537 Χριστοῦ
1315 4450 1365 4534 τήν
1386 4450 1471 4536 ἀμίαν
1486 4455 1605 4535 Μαρίαν
1625 4453 1654 4518 ἐν
1672 4458 1712 4534 τοῦ
1727 4451 1793 4534 οῖκῳ
1808 4455 1894 4522 αἰτοῦ

1105 4581 1133 4644 ἐν
1147 4578 1226 4644 Σαδν
1247 4579 1324 4663 μίχρι
1347 4584 1396 4661 της
1416 4573 1505 4663 (Par.
1529 4579 1706 4666 interponit
1725 4582 1895 4666 ἀναλήψεως

1105 4707 1190 4790 αῦτής
1211 4705 1283 4771 τοῦτ’
1308 4705 1382 4771 ἐστιν
1400 4701 1463 4789 τῆς)
1479 4706 1629 4790 κοιμήσεως
1651 4709 1744 4792 αι’ντής.
1773 4710 1894 4792 μετάδέ

1104 4833 1152 4918 τήν
1174 4836 1297 4916 κοίμησον
1321 4830 1369 4897 καί
1389 4832 1560 4915 μετάστασιν
1582 4834 1668 4919 αῦτής
1691 4833 1739 4901 καί
1759 4835 1843 4910 αὐτὸς
1865 4839 1894 4904 ἐν

349 5071 372 5133 *γ
391 5067 472 5133 Quae
488 5068 525 5122 ab
542 5066 598 5124 hoe
614 5066 681 5121 inde
699 5067 763 5122 loco
779 5084 870 5139 usque
886 5057 968 5134 ἦλθεν
984 5066 1113 5136 ενἘφίσῳ
1126 5068 1268 5138 leguntur,
1281 5084 1315 5122 εκ
1328 5069 1422 5123 omnia
1433 5070 1463 5124 in
1475 5067 1594 5141 reliquis
1607 5071 1690 5126 codd.
1705 5071 1822 5141 desunt,
1839 5073 1894 5127 nisi

248 5153 325 5223 quod
343 5151 533 5223 fragmentum
550 5151 693 5223 prioribus
712 5150 757 5206 his
774 5153 877 5223 (usque
893 5173 917 5205 τ.
928 5153 1059 5221 Σαλώμης
1075 5174 1100 5206 τ.
1113 5151 1286 5221 θιγ.’1ωσήο)
1305 5154 1397 5210 simile
1413 5172 1447 5210 ex
1461 5155 1524 5210 cod.
1542 5155 1613 5228 Reg.
1625 5156 1736 5224 „1296ss
1753 5157 1783 5212 in
1794 5156 1894 5213 Monu-

247 5237 349 5293 mentiu
361 5237 529 5310 apostolicis
544 5236 704 5293 Cotelerius
716 5237 844 5309 protulit,
857 5238 923 5292 vide
935 5239 1011 5308 apud
1024 5237 1198 5309 Basnagn'um
1210 5238 1227 5293 l.
1239 5238 1257 5292 l.
1269 5256 1297 5309 p.
1309 5239 1350 5293 32.
