<?xml version="1.0" encoding="UTF-8"?>
<!DOCTYPE html PUBLIC "-//W3C//DTD XHTML 1.0 Transitional//EN"
    "http://www.w3.org/TR/xhtml1/DTD/xhtml1-transitional.dtd">
<html xmlns="http://www.w3.org/1999/xhtml" xml:lang="en" lang="en">
 <head>
  <title>
</title>
<meta http-equiv="Content-Type" content="text/html;charset=utf-8" />
  <meta name='ocr-system' content='tesseract 3.04.00' />
  <meta name='ocr-capabilities' content='ocr_page ocr_carea ocr_par ocr_line ocrx_word'/>
</head>
<body>
  <div class='ocr_page' id='page_1' title='image "anecdotasacraet00tiscgoog_0054.png"; bbox 0 0 4756 6194; ppageno 0'>
   <div class='ocr_carea' id='block_1_1' title="bbox 1857 403 1901 470">
    <p class='ocr_par' dir='ltr' id='par_1_1' title="bbox 1857 403 1901 470">
     <span class='ocr_line' id='line_1_1' title="bbox 1857 403 1901 470; baseline -0.023 0"><span class='ocrx_word' id='word_1_1' title='bbox 1857 403 1901 470; x_wconf 82' lang='lat'><strong>35</strong></span> 
     </span>
    </p>
   </div>
   <div class='ocr_carea' id='block_1_2' title="bbox 253 592 1899 3871">
    <p class='ocr_par' dir='ltr' id='par_1_2' title="bbox 253 592 1899 3871">
     <span class='ocr_line' id='line_1_2' title="bbox 253 592 1899 695; baseline 0.003 -27"><span class='ocrx_word' id='word_1_2' title='bbox 253 602 385 689; x_wconf 89' lang='lat' dir='ltr'><strong>ginibus</strong></span> <span class='ocrx_word' id='word_1_3' title='bbox 407 605 542 691; x_wconf 87' lang='lat' dir='ltr'><strong>insuper</strong></span> <span class='ocrx_word' id='word_1_4' title='bbox 562 606 735 688; x_wconf 78' lang='lat' dir='ltr'><strong>resecatis3</strong></span> <span class='ocrx_word' id='word_1_5' title='bbox 758 607 892 693; x_wconf 76' lang='lat' dir='ltr'><strong>quaevis</strong></span> <span class='ocrx_word' id='word_1_6' title='bbox 915 605 1065 672; x_wconf 90' lang='lat' dir='ltr'><strong>columna</strong></span> <span class='ocrx_word' id='word_1_7' title='bbox 1078 607 1119 674; x_wconf 87' lang='grc'><strong>38</strong></span> <span class='ocrx_word' id='word_1_8' title='bbox 1133 629 1249 674; x_wconf 87' lang='lat' dir='ltr'><strong>versus</strong></span> <span class='ocrx_word' id='word_1_9' title='bbox 1265 606 1373 675; x_wconf 88' lang='lat' dir='ltr'><strong>habet.</strong></span> <span class='ocrx_word' id='word_1_10' title='bbox 1401 607 1570 695; x_wconf 82' lang='lat' dir='ltr'><strong>Scriptura</strong></span> <span class='ocrx_word' id='word_1_11' title='bbox 1588 592 1698 695; x_wconf 86' lang='lat' dir='ltr'><strong>paullo</strong></span> <span class='ocrx_word' id='word_1_12' title='bbox 1718 605 1899 693; x_wconf 77' lang='lat' dir='ltr'>elegantior</span> 
     </span>
     <span class='ocr_line' id='line_1_3' title="bbox 255 730 1897 821; baseline 0.003 -25"><span class='ocrx_word' id='word_1_13' title='bbox 255 740 315 815; x_wconf 89' lang='lat' dir='ltr'><strong>est,</strong></span> <span class='ocrx_word' id='word_1_14' title='bbox 336 731 395 797; x_wconf 91' lang='lat' dir='ltr'><strong>sed</strong></span> <span class='ocrx_word' id='word_1_15' title='bbox 413 730 502 797; x_wconf 76' lang='lat' dir='ltr'><strong>nialla</strong></span> <span class='ocrx_word' id='word_1_16' title='bbox 520 754 557 797; x_wconf 89' lang='lat' dir='ltr'><strong>re</strong></span> <span class='ocrx_word' id='word_1_17' title='bbox 576 730 685 797; x_wconf 88' lang='lat' dir='ltr'><strong>differt</strong></span> <span class='ocrx_word' id='word_1_18' title='bbox 700 755 782 819; x_wconf 89' lang='lat' dir='ltr'><strong>quae</strong></span> <span class='ocrx_word' id='word_1_19' title='bbox 797 734 913 799; x_wconf 88' lang='lat' dir='ltr'><strong>aetatis</strong></span> <span class='ocrx_word' id='word_1_20' title='bbox 929 733 1151 801; x_wconf 75' lang='lat' dir='ltr'><strong>diversitatem</strong></span> <span class='ocrx_word' id='word_1_21' title='bbox 1165 734 1301 818; x_wconf 88' lang='lat' dir='ltr'><strong>indicet;</strong></span> <span class='ocrx_word' id='word_1_22' title='bbox 1323 736 1542 820; x_wconf 84' lang='lat' dir='ltr'><strong>interpunctio</strong></span> <span class='ocrx_word' id='word_1_23' title='bbox 1557 756 1692 821; x_wconf 88' lang='lat' dir='ltr'><strong>prorsus</strong></span> <span class='ocrx_word' id='word_1_24' title='bbox 1708 734 1822 800; x_wconf 89' lang='lat' dir='ltr'><strong>eadem</strong></span> <span class='ocrx_word' id='word_1_25' title='bbox 1837 745 1897 801; x_wconf 80' lang='lat' dir='ltr'><strong>est.</strong></span> 
     </span>
     <span class='ocr_line' id='line_1_4' title="bbox 254 857 1897 950; baseline 0.002 -27"><span class='ocrx_word' id='word_1_26' title='bbox 254 857 390 941; x_wconf 88' lang='lat' dir='ltr'><strong>Textus,</strong></span> <span class='ocrx_word' id='word_1_27' title='bbox 410 860 463 926; x_wconf 91' lang='lat' dir='ltr'><strong>cui</strong></span> <span class='ocrx_word' id='word_1_28' title='bbox 480 859 516 923; x_wconf 91' lang='lat' dir='ltr'><strong>in</strong></span> <span class='ocrx_word' id='word_1_29' title='bbox 534 861 681 945; x_wconf 83' lang='lat' dir='ltr'><strong>margine</strong></span> <span class='ocrx_word' id='word_1_30' title='bbox 700 860 812 925; x_wconf 87' lang='lat' dir='ltr'><strong>addita</strong></span> <span class='ocrx_word' id='word_1_31' title='bbox 830 869 905 927; x_wconf 89' lang='lat' dir='ltr'><strong>sunt</strong></span> <span class='ocrx_word' id='word_1_32' title='bbox 919 859 1053 946; x_wconf 81' lang='lat' dir='ltr'><strong>scholis,</strong></span> <span class='ocrx_word' id='word_1_33' title='bbox 1074 863 1197 950; x_wconf 87' lang='lat' dir='ltr'><strong>scripta</strong></span> <span class='ocrx_word' id='word_1_34' title='bbox 1211 863 1331 949; x_wconf 89' lang='lat' dir='ltr'><strong>etipsa</strong></span> <span class='ocrx_word' id='word_1_35' title='bbox 1344 859 1526 926; x_wconf 75' lang='lat' dir='ltr'><strong>uncialibus</strong></span> <span class='ocrx_word' id='word_1_36' title='bbox 1540 861 1665 944; x_wconf 89' lang='lat' dir='ltr'><strong>litteris,</strong></span> <span class='ocrx_word' id='word_1_37' title='bbox 1686 861 1728 926; x_wconf 89' lang='lat' dir='ltr'><strong>ad</strong></span> <span class='ocrx_word' id='word_1_38' title='bbox 1744 859 1897 947; x_wconf 84' lang='lat' dir='ltr'><strong>Gregorii</strong></span> 
     </span>
     <span class='ocr_line' id='line_1_5' title="bbox 253 984 1896 1076; baseline 0.002 -26"><span class='ocrx_word' id='word_1_39' title='bbox 253 984 455 1051; x_wconf 80' lang='lat' dir='ltr'><strong>Nazianzeni</strong></span> <span class='ocrx_word' id='word_1_40' title='bbox 476 989 656 1054; x_wconf 88' lang='lat' dir='ltr'><strong>orationem</strong></span> <span class='ocrx_word' id='word_1_41' title='bbox 677 989 717 1061; x_wconf 79' lang='grc' dir='ltr'><strong>εἰς</strong></span> <span class='ocrx_word' id='word_1_42' title='bbox 736 989 769 1055; x_wconf 86' lang='grc' dir='ltr'><strong>τό</strong></span> <span class='ocrx_word' id='word_1_43' title='bbox 792 986 870 1073; x_wconf 87' lang='grc' dir='ltr'><strong><em>άγιον</em></strong></span> <span class='ocrx_word' id='word_1_44' title='bbox 891 988 990 1075; x_wconf 84' lang='grc' dir='ltr'><strong><em>πάσχα</em></strong></span> <span class='ocrx_word' id='word_1_45' title='bbox 1010 990 1167 1076; x_wconf 77' lang='lat' dir='ltr'><strong>pertinet,</strong></span> <span class='ocrx_word' id='word_1_46' title='bbox 1195 1011 1279 1075; x_wconf 90' lang='lat' dir='ltr'><strong>quae</strong></span> <span class='ocrx_word' id='word_1_47' title='bbox 1301 989 1336 1054; x_wconf 90' lang='lat' dir='ltr'><strong>in</strong></span> <span class='ocrx_word' id='word_1_48' title='bbox 1359 989 1500 1054; x_wconf 88' lang='lat' dir='ltr'><strong>editione</strong></span> <span class='ocrx_word' id='word_1_49' title='bbox 1521 988 1736 1054; x_wconf 87' lang='lat' dir='ltr'><strong>Benedictina</strong></span> <span class='ocrx_word' id='word_1_50' title='bbox 1758 987 1896 1075; x_wconf 88' lang='lat' dir='ltr'><strong>quadra·</strong></span> 
     </span>
     <span class='ocr_line' id='line_1_6' title="bbox 254 1111 1897 1204; baseline 0.003 -27"><span class='ocrx_word' id='word_1_51' title='bbox 254 1113 381 1198; x_wconf 86' lang='lat' dir='ltr'><strong>gesima</strong></span> <span class='ocrx_word' id='word_1_52' title='bbox 394 1114 506 1200; x_wconf 89' lang='lat' dir='ltr'><strong>quinta</strong></span> <span class='ocrx_word' id='word_1_53' title='bbox 520 1123 570 1180; x_wconf 91' lang='lat' dir='ltr'><strong>est</strong></span> <span class='ocrx_word' id='word_1_54' title='bbox 585 1123 618 1179; x_wconf 90' lang='lat' dir='ltr'><strong>et</strong></span> <span class='ocrx_word' id='word_1_55' title='bbox 631 1111 695 1179; x_wconf 89' lang='lat' dir='ltr'><strong>vol.</strong></span> <span class='ocrx_word' id='word_1_56' title='bbox 710 1115 736 1179; x_wconf 93' lang='lat' dir='ltr'><strong>I.</strong></span> <span class='ocrx_word' id='word_1_57' title='bbox 756 1137 831 1203; x_wconf 86' lang='lat' dir='ltr'><strong>pag.</strong></span> <span class='ocrx_word' id='word_1_58' title='bbox 847 1115 910 1180; x_wconf 82' lang='lat'><strong>845</strong></span> <span class='ocrx_word' id='word_1_59' title='bbox 925 1137 995 1202; x_wconf 91' lang='lat' dir='ltr'><strong>sqq.</strong></span> <span class='ocrx_word' id='word_1_60' title='bbox 1008 1115 1137 1202; x_wconf 84' lang='lat' dir='ltr'><strong>legitur.</strong></span> <span class='ocrx_word' id='word_1_61' title='bbox 1178 1115 1250 1182; x_wconf 87' lang='lat' dir='ltr'><strong>Fol.</strong></span> <span class='ocrx_word' id='word_1_62' title='bbox 1268 1116 1296 1181; x_wconf 90' lang='lat'><strong>1.</strong></span> <span class='ocrx_word' id='word_1_63' title='bbox 1311 1117 1425 1203; x_wconf 87' lang='lat' dir='ltr'><strong>incipit</strong></span> <span class='ocrx_word' id='word_1_64' title='bbox 1441 1111 1649 1204; x_wconf 66' lang='lat' dir='ltr'><strong>[cpopibomc</strong></span> <span class='ocrx_word' id='word_1_65' title='bbox 1664 1112 1741 1202; x_wconf 86' lang='lat' dir='ltr'><strong>(sio)</strong></span> <span class='ocrx_word' id='word_1_66' title='bbox 1756 1113 1845 1191; x_wconf 77' lang='grc' dir='ltr'><strong><em>ὄντας</em></strong></span> <span class='ocrx_word' id='word_1_67' title='bbox 1858 1117 1897 1182; x_wconf 85' lang='grc' dir='ltr'><strong>τά</strong></span> 
     </span>
     <span class='ocr_line' id='line_1_7' title="bbox 254 1239 1896 1330; baseline 0 -24"><span class='ocrx_word' id='word_1_68' title='bbox 254 1239 464 1325; x_wconf 77' lang='grc' dir='ltr'><strong><em>μήκενσόμενα·</em></strong></span> <span class='ocrx_word' id='word_1_69' title='bbox 480 1242 522 1306; x_wconf 85' lang='lat' dir='ltr'><strong>of.</strong></span> <span class='ocrx_word' id='word_1_70' title='bbox 537 1239 558 1306; x_wconf 93' lang='lat' dir='ltr'><strong>l.</strong></span> <span class='ocrx_word' id='word_1_71' title='bbox 572 1239 594 1306; x_wconf 95' lang='lat' dir='ltr'><strong>l.</strong></span> <span class='ocrx_word' id='word_1_72' title='bbox 612 1263 688 1329; x_wconf 88' lang='lat' dir='ltr'><strong>pag.</strong></span> <span class='ocrx_word' id='word_1_73' title='bbox 704 1241 776 1306; x_wconf 80' lang='lat'><strong>847.</strong></span> <span class='ocrx_word' id='word_1_74' title='bbox 791 1265 877 1308; x_wconf 87' lang='lat' dir='ltr'><strong>vers.</strong></span> <span class='ocrx_word' id='word_1_75' title='bbox 891 1243 922 1306; x_wconf 88' lang='grc'><strong>4.</strong></span> <span class='ocrx_word' id='word_1_76' title='bbox 938 1252 970 1308; x_wconf 89' lang='lat' dir='ltr'><strong>st</strong></span> <span class='ocrx_word' id='word_1_77' title='bbox 983 1242 1095 1309; x_wconf 87' lang='lat' dir='ltr'><strong>finitur</strong></span> <span class='ocrx_word' id='word_1_78' title='bbox 1107 1241 1218 1309; x_wconf 87' lang='lat' dir='ltr'><strong>verbis</strong></span> <span class='ocrx_word' id='word_1_79' title='bbox 1232 1243 1390 1329; x_wconf 71' lang='grc' dir='ltr'><strong><em>όπεότησαν</em></strong></span> <span class='ocrx_word' id='word_1_80' title='bbox 1403 1243 1607 1328; x_wconf 74' lang='grc' dir='ltr'><strong><em>λαμπρότητες,</em></strong></span> <span class='ocrx_word' id='word_1_81' title='bbox 1627 1243 1668 1309; x_wconf 87' lang='lat' dir='ltr'><strong>cf.</strong></span> <span class='ocrx_word' id='word_1_82' title='bbox 1683 1242 1805 1309; x_wconf 88' lang='lat' dir='ltr'><strong>ibidem</strong></span> <span class='ocrx_word' id='word_1_83' title='bbox 1819 1265 1896 1330; x_wconf 84' lang='lat' dir='ltr'><strong>pag.</strong></span> 
     </span>
     <span class='ocr_line' id='line_1_8' title="bbox 256 1366 1896 1458; baseline 0.001 -25"><span class='ocrx_word' id='word_1_84' title='bbox 256 1366 328 1433; x_wconf 84' lang='grc'><strong>848.</strong></span> <span class='ocrx_word' id='word_1_85' title='bbox 343 1390 428 1433; x_wconf 88' lang='lat' dir='ltr'><strong>vers.</strong></span> <span class='ocrx_word' id='word_1_86' title='bbox 443 1368 473 1432; x_wconf 97' lang='grc'><strong>2.</strong></span> <span class='ocrx_word' id='word_1_87' title='bbox 489 1366 530 1433; x_wconf 90' lang='lat' dir='ltr'><strong>ab</strong></span> <span class='ocrx_word' id='word_1_88' title='bbox 544 1369 621 1433; x_wconf 93' lang='lat' dir='ltr'><strong>imo.</strong></span> <span class='ocrx_word' id='word_1_89' title='bbox 663 1366 735 1434; x_wconf 83' lang='lat' dir='ltr'><strong>Fol.</strong></span> <span class='ocrx_word' id='word_1_90' title='bbox 751 1369 781 1433; x_wconf 89' lang='grc'><strong>2.</strong></span> <span class='ocrx_word' id='word_1_91' title='bbox 796 1370 911 1458; x_wconf 88' lang='lat' dir='ltr'><strong>incipit</strong></span> <span class='ocrx_word' id='word_1_92' title='bbox 924 1370 941 1437; x_wconf 88' lang='grc' dir='ltr'><strong>ὁ</strong></span> <span class='ocrx_word' id='word_1_93' title='bbox 955 1370 1125 1455; x_wconf 74' lang='grc' dir='ltr'><strong><em>παράδεισος</em></strong></span> <span class='ocrx_word' id='word_1_94' title='bbox 1137 1366 1225 1446; x_wconf 70' lang='grc' dir='ltr'><strong><em>οὗτος.</em></strong></span> <span class='ocrx_word' id='word_1_95' title='bbox 1239 1376 1294 1447; x_wconf 78' lang='grc' dir='ltr'><strong>τό,</strong></span> <span class='ocrx_word' id='word_1_96' title='bbox 1316 1393 1399 1457; x_wconf 87' lang='lat' dir='ltr'><strong>quae</strong></span> <span class='ocrx_word' id='word_1_97' title='bbox 1413 1369 1515 1438; x_wconf 88' lang='lat' dir='ltr'><strong>verba</strong></span> <span class='ocrx_word' id='word_1_98' title='bbox 1528 1372 1563 1435; x_wconf 92' lang='lat' dir='ltr'><strong>iu</strong></span> <span class='ocrx_word' id='word_1_99' title='bbox 1577 1371 1703 1436; x_wconf 91' lang='lat' dir='ltr'><strong>initium</strong></span> <span class='ocrx_word' id='word_1_100' title='bbox 1717 1392 1788 1458; x_wconf 88' lang='lat' dir='ltr'><strong>cap.</strong></span> <span class='ocrx_word' id='word_1_101' title='bbox 1803 1368 1896 1436; x_wconf 89' lang='lat' dir='ltr'>VIII.</span> 
     </span>
     <span class='ocr_line' id='line_1_9' title="bbox 254 1492 1895 1585; baseline 0.002 -27"><span class='ocrx_word' id='word_1_102' title='bbox 254 1492 403 1559; x_wconf 90' lang='lat' dir='ltr'><strong>incidunt</strong></span> <span class='ocrx_word' id='word_1_103' title='bbox 421 1493 442 1559; x_wconf 91' lang='lat' dir='ltr'><strong>l.</strong></span> <span class='ocrx_word' id='word_1_104' title='bbox 466 1495 487 1559; x_wconf 93' lang='lat' dir='ltr'><strong>l.</strong></span> <span class='ocrx_word' id='word_1_105' title='bbox 509 1517 585 1582; x_wconf 85' lang='lat' dir='ltr'><strong>pag.</strong></span> <span class='ocrx_word' id='word_1_106' title='bbox 609 1495 686 1579; x_wconf 76' lang='lat'>8503</span> <span class='ocrx_word' id='word_1_107' title='bbox 716 1496 827 1561; x_wconf 90' lang='lat' dir='ltr'><strong>finitur</strong></span> <span class='ocrx_word' id='word_1_108' title='bbox 848 1496 896 1565; x_wconf 79' lang='grc' dir='ltr'><strong><em>διὰ</em></strong></span> <span class='ocrx_word' id='word_1_109' title='bbox 915 1499 1000 1583; x_wconf 82' lang='grc' dir='ltr'><strong><em>μέσρς</em></strong></span> <span class='ocrx_word' id='word_1_110' title='bbox 1019 1502 1112 1583; x_wconf 78' lang='grc' dir='ltr'><strong><em>ψυχῆς</em></strong></span> <span class='ocrx_word' id='word_1_111' title='bbox 1132 1518 1208 1585; x_wconf 81' lang='lat' dir='ltr'><strong>pag.</strong></span> <span class='ocrx_word' id='word_1_112' title='bbox 1231 1496 1303 1563; x_wconf 81' lang='grc'><strong>852.</strong></span> <span class='ocrx_word' id='word_1_113' title='bbox 1323 1496 1364 1561; x_wconf 91' lang='grc' dir='ltr'><strong>Β.</strong></span> <span class='ocrx_word' id='word_1_114' title='bbox 1413 1496 1551 1583; x_wconf 89' lang='lat' dir='ltr'><strong>Legitur</strong></span> <span class='ocrx_word' id='word_1_115' title='bbox 1573 1498 1607 1563; x_wconf 91' lang='lat' dir='ltr'><strong>in</strong></span> <span class='ocrx_word' id='word_1_116' title='bbox 1630 1496 1682 1562; x_wconf 91' lang='lat' dir='ltr'><strong>his</strong></span> <span class='ocrx_word' id='word_1_117' title='bbox 1703 1496 1895 1583; x_wconf 79' lang='lat' dir='ltr'><strong>fragmentis</strong></span> 
     </span>
     <span class='ocr_line' id='line_1_10' title="bbox 255 1618 1896 1709; baseline 0.002 -24"><span class='ocrx_word' id='word_1_118' title='bbox 255 1644 287 1707; x_wconf 91' lang='lat' dir='ltr'><strong>p.</strong></span> <span class='ocrx_word' id='word_1_119' title='bbox 303 1619 374 1687; x_wconf 81' lang='grc'><strong>847.</strong></span> <span class='ocrx_word' id='word_1_120' title='bbox 389 1620 427 1686; x_wconf 90' lang='grc' dir='ltr'><strong>Β.</strong></span> <span class='ocrx_word' id='word_1_121' title='bbox 449 1626 489 1687; x_wconf 80' lang='grc' dir='ltr'><strong>τῶ</strong></span> <span class='ocrx_word' id='word_1_122' title='bbox 505 1627 616 1707; x_wconf 79' lang='grc' dir='ltr'><strong><em>Μωυσῆ</em></strong></span> <span class='ocrx_word' id='word_1_123' title='bbox 634 1631 667 1687; x_wconf 86' lang='lat' dir='ltr'><strong>et</strong></span> <span class='ocrx_word' id='word_1_124' title='bbox 686 1618 736 1709; x_wconf 89' lang='lat' dir='ltr'><strong>(ut</strong></span> <span class='ocrx_word' id='word_1_125' title='bbox 754 1632 843 1689; x_wconf 87' lang='lat' dir='ltr'><strong>recte</strong></span> <span class='ocrx_word' id='word_1_126' title='bbox 862 1624 985 1690; x_wconf 80' lang='lat' dir='ltr'><strong>edItum</strong></span> <span class='ocrx_word' id='word_1_127' title='bbox 1004 1621 1067 1709; x_wconf 83' lang='lat' dir='ltr'><strong>est)</strong></span> <span class='ocrx_word' id='word_1_128' title='bbox 1087 1624 1352 1709; x_wconf 79' lang='grc' dir='ltr'><strong><em>σκιαγρωφυόμετος,</em></strong></span> <span class='ocrx_word' id='word_1_129' title='bbox 1376 1621 1403 1688; x_wconf 80' lang='lat' dir='ltr'>C</span> <span class='ocrx_word' id='word_1_130' title='bbox 1424 1624 1473 1690; x_wconf 85' lang='grc' dir='ltr'><strong><em>σι’νκ</em></strong></span> <span class='ocrx_word' id='word_1_131' title='bbox 1490 1625 1521 1689; x_wconf 86' lang='grc' dir='ltr'><strong>ἐκ</strong></span> <span class='ocrx_word' id='word_1_132' title='bbox 1535 1629 1591 1690; x_wconf 67' lang='grc' dir='ltr'><strong><em>τοῖν</em></strong></span> <span class='ocrx_word' id='word_1_133' title='bbox 1605 1625 1666 1691; x_wconf 84' lang='grc' dir='ltr'><strong><em>κατ’</em></strong></span> <span class='ocrx_word' id='word_1_134' title='bbox 1682 1624 1767 1701; x_wconf 83' lang='grc' dir='ltr'><strong><em>αι’ντό,</em></strong></span> <span class='ocrx_word' id='word_1_135' title='bbox 1789 1624 1848 1691; x_wconf 77' lang='grc' dir='ltr'><strong>ἀλλ’</strong></span> <span class='ocrx_word' id='word_1_136' title='bbox 1865 1624 1896 1689; x_wconf 87' lang='grc' dir='ltr'><strong>ἐκ</strong></span> 
     </span>
     <span class='ocr_line' id='line_1_11' title="bbox 255 1744 1895 1839; baseline 0.003 -27"><span class='ocrx_word' id='word_1_137' title='bbox 255 1744 317 1832; x_wconf 80' lang='grc' dir='ltr'><strong><em>περὶ</em></strong></span> <span class='ocrx_word' id='word_1_138' title='bbox 331 1748 400 1816; x_wconf 78' lang='grc' dir='ltr'><strong><em>αέντό</em></strong></span> <span class='ocrx_word' id='word_1_139' title='bbox 416 1745 639 1835; x_wconf 64' lang='grc' dir='ltr'><strong><em>(κεκαθαρμάνον</em></strong></span> <span class='ocrx_word' id='word_1_140' title='bbox 652 1773 755 1837; x_wconf 86' lang='lat' dir='ltr'><strong>usque</strong></span> <span class='ocrx_word' id='word_1_141' title='bbox 771 1751 985 1838; x_wconf 70' lang='grc' dir='ltr'><strong><em>άνατιχειρητστ·</em></strong></span> <span class='ocrx_word' id='word_1_142' title='bbox 1005 1756 1046 1833; x_wconf 75' lang='grc' dir='ltr'><strong>τῷ</strong></span> <span class='ocrx_word' id='word_1_143' title='bbox 1060 1749 1091 1815; x_wconf 84' lang='grc' dir='ltr'><strong><em>δέ</em></strong></span> <span class='ocrx_word' id='word_1_144' title='bbox 1104 1752 1126 1817; x_wconf 85' lang='grc' dir='ltr'><strong><em>ά</em></strong></span> <span class='ocrx_word' id='word_1_145' title='bbox 1138 1748 1328 1839; x_wconf 87' lang='lat' dir='ltr'><strong>perierunt),</strong></span> <span class='ocrx_word' id='word_1_146' title='bbox 1347 1752 1425 1816; x_wconf 78' lang='lat' dir='ltr'><strong>Item</strong></span> <span class='ocrx_word' id='word_1_147' title='bbox 1439 1752 1626 1836; x_wconf 81' lang='grc' dir='ltr'><strong><em>θαυμάζεται,</em></strong></span> <span class='ocrx_word' id='word_1_148' title='bbox 1640 1750 1673 1815; x_wconf 94' lang='lat' dir='ltr'>D</span> <span class='ocrx_word' id='word_1_149' title='bbox 1689 1759 1739 1815; x_wconf 87' lang='lat' dir='ltr'><strong>est</strong></span> <span class='ocrx_word' id='word_1_150' title='bbox 1752 1760 1895 1827; x_wconf 77' lang='grc' dir='ltr'><strong><em>καθεῖται,</em></strong></span> 
     </span>
     <span class='ocr_line' id='line_1_12' title="bbox 255 1876 1896 1965; baseline 0.002 -24"><span class='ocrx_word' id='word_1_151' title='bbox 255 1877 396 1961; x_wconf 76' lang='grc' dir='ltr'><strong><em>καθαίρει,</em></strong></span> <span class='ocrx_word' id='word_1_152' title='bbox 419 1877 613 1962; x_wconf 72' lang='grc' dir='ltr'><strong><em>ἀπεργάζεται,</em></strong></span> <span class='ocrx_word' id='word_1_153' title='bbox 634 1885 800 1963; x_wconf 78' lang='grc' dir='ltr'><strong><em>προσογαλεί</em></strong></span> <span class='ocrx_word' id='word_1_154' title='bbox 841 1876 897 1945; x_wconf 85' lang='lat' dir='ltr'><strong>Ad</strong></span> <span class='ocrx_word' id='word_1_155' title='bbox 918 1880 950 1946; x_wconf 87' lang='grc' dir='ltr'><strong><em>τέ</em></strong></span> <span class='ocrx_word' id='word_1_156' title='bbox 967 1878 1022 1965; x_wconf 85' lang='grc' dir='ltr'><strong>γάρ</strong></span> <span class='ocrx_word' id='word_1_157' title='bbox 1042 1877 1075 1947; x_wconf 90' lang='grc' dir='ltr'><strong><em>όν</em></strong></span> <span class='ocrx_word' id='word_1_158' title='bbox 1097 1877 1179 1944; x_wconf 81' lang='lat' dir='ltr'><strong>haee</strong></span> <span class='ocrx_word' id='word_1_159' title='bbox 1201 1887 1313 1944; x_wconf 86' lang='lat' dir='ltr'><strong>notata</strong></span> <span class='ocrx_word' id='word_1_160' title='bbox 1333 1893 1421 1943; x_wconf 85' lang='lat' dir='ltr'><strong>sunt:</strong></span> <span class='ocrx_word' id='word_1_161' title='bbox 1443 1879 1474 1943; x_wconf 86' lang='grc' dir='ltr'><strong>τί</strong></span> <span class='ocrx_word' id='word_1_162' title='bbox 1489 1876 1547 1945; x_wconf 91' lang='grc' dir='ltr'><strong><em>όντι</em></strong></span> <span class='ocrx_word' id='word_1_163' title='bbox 1566 1879 1643 1945; x_wconf 72' lang='lat' dir='ltr'><strong>ciani</strong></span> <span class='ocrx_word' id='word_1_164' title='bbox 1661 1878 1736 1943; x_wconf 86' lang='grc' dir='ltr'><strong><em>κατά</em></strong></span> <span class='ocrx_word' id='word_1_165' title='bbox 1749 1877 1800 1963; x_wconf 82' lang='grc' dir='ltr'><strong>τήν</strong></span> <span class='ocrx_word' id='word_1_166' title='bbox 1813 1878 1896 1963; x_wconf 82' lang='grc' dir='ltr'><strong><em>φάσιν</em></strong></span> 
     </span>
     <span class='ocr_line' id='line_1_13' title="bbox 255 2002 1897 2092; baseline 0.002 -24"><span class='ocrx_word' id='word_1_167' title='bbox 255 2002 370 2089; x_wconf 79' lang='grc' dir='ltr'><strong><em>ἐπάρχει</em></strong></span> <span class='ocrx_word' id='word_1_168' title='bbox 391 2003 425 2071; x_wconf 86' lang='grc' dir='ltr'><strong>τὸ</strong></span> <span class='ocrx_word' id='word_1_169' title='bbox 446 2004 552 2071; x_wconf 76' lang='grc' dir='ltr'><strong><em>ἁπλοῦν</em></strong></span> <span class='ocrx_word' id='word_1_170' title='bbox 574 2006 652 2071; x_wconf 79' lang='grc' dir='ltr'><strong><em>εἶναι.</em></strong></span> <span class='ocrx_word' id='word_1_171' title='bbox 693 2004 852 2071; x_wconf 71' lang='lat' dir='ltr'><strong>Exmemo</strong></span> <span class='ocrx_word' id='word_1_172' title='bbox 874 2026 972 2071; x_wconf 83' lang='lat' dir='ltr'><strong>versu</strong></span> <span class='ocrx_word' id='word_1_173' title='bbox 995 2005 1165 2072; x_wconf 87' lang='lat' dir='ltr'><strong>confirmat</strong></span> <span class='ocrx_word' id='word_1_174' title='bbox 1186 2006 1403 2092; x_wconf 73' lang='grc' dir='ltr'><strong><em>ἐπιζήτήσσμεν,</em></strong></span> <span class='ocrx_word' id='word_1_175' title='bbox 1427 2005 1506 2071; x_wconf 86' lang='lat' dir='ltr'><strong>item</strong></span> <span class='ocrx_word' id='word_1_176' title='bbox 1527 2026 1603 2091; x_wconf 85' lang='lat' dir='ltr'><strong>pag.</strong></span> <span class='ocrx_word' id='word_1_177' title='bbox 1621 2002 1694 2069; x_wconf 82' lang='lat'><strong>848.</strong></span> <span class='ocrx_word' id='word_1_178' title='bbox 1715 2002 1748 2070; x_wconf 86' lang='lat' dir='ltr'>A</span> <span class='ocrx_word' id='word_1_179' title='bbox 1769 2005 1803 2072; x_wconf 86' lang='grc' dir='ltr'><strong>τὸ</strong></span> <span class='ocrx_word' id='word_1_180' title='bbox 1825 2006 1897 2071; x_wconf 78' lang='grc' dir='ltr'><strong><em>εἶναι</em></strong></span> 
     </span>
     <span class='ocr_line' id='line_1_14' title="bbox 254 2129 1893 2220; baseline -0.001 -23"><span class='ocrx_word' id='word_1_181' title='bbox 254 2130 351 2214; x_wconf 90' lang='grc' dir='ltr'><strong><em>μόνον,</em></strong></span> <span class='ocrx_word' id='word_1_182' title='bbox 369 2129 397 2195; x_wconf 95' lang='grc' dir='ltr'>Β</span> <span class='ocrx_word' id='word_1_183' title='bbox 414 2140 464 2197; x_wconf 87' lang='lat' dir='ltr'><strong>est</strong></span> <span class='ocrx_word' id='word_1_184' title='bbox 477 2129 546 2199; x_wconf 83' lang='grc' dir='ltr'><strong><em>ὅταν</em></strong></span> <span class='ocrx_word' id='word_1_185' title='bbox 564 2132 588 2197; x_wconf 81' lang='grc' dir='ltr'><strong>δ’</strong></span> <span class='ocrx_word' id='word_1_186' title='bbox 610 2134 650 2207; x_wconf 78' lang='grc' dir='ltr'><strong>εἰς</strong></span> <span class='ocrx_word' id='word_1_187' title='bbox 667 2132 716 2200; x_wconf 85' lang='grc' dir='ltr'><strong>τὸν</strong></span> <span class='ocrx_word' id='word_1_188' title='bbox 734 2132 826 2210; x_wconf 84' lang='grc' dir='ltr'><strong><em>κάτω,</em></strong></span> <span class='ocrx_word' id='word_1_189' title='bbox 844 2132 904 2199; x_wconf 90' lang='lat' dir='ltr'><strong>sed</strong></span> <span class='ocrx_word' id='word_1_190' title='bbox 917 2135 957 2208; x_wconf 73' lang='grc' dir='ltr'><strong>εἰς</strong></span> <span class='ocrx_word' id='word_1_191' title='bbox 969 2134 1019 2200; x_wconf 86' lang='grc' dir='ltr'><strong>τόν</strong></span> <span class='ocrx_word' id='word_1_192' title='bbox 1031 2133 1066 2197; x_wconf 90' lang='lat' dir='ltr'><strong>in</strong></span> <span class='ocrx_word' id='word_1_193' title='bbox 1079 2156 1195 2199; x_wconf 88' lang='lat' dir='ltr'><strong>rasura</strong></span> <span class='ocrx_word' id='word_1_194' title='bbox 1209 2134 1367 2220; x_wconf 88' lang='lat' dir='ltr'><strong>scriptum</strong></span> <span class='ocrx_word' id='word_1_195' title='bbox 1382 2141 1431 2198; x_wconf 89' lang='lat' dir='ltr'><strong>est</strong></span> <span class='ocrx_word' id='word_1_196' title='bbox 1445 2140 1478 2198; x_wconf 93' lang='lat' dir='ltr'><strong>et</strong></span> <span class='ocrx_word' id='word_1_197' title='bbox 1492 2132 1526 2196; x_wconf 92' lang='lat' dir='ltr'><strong>in</strong></span> <span class='ocrx_word' id='word_1_198' title='bbox 1540 2132 1686 2219; x_wconf 79' lang='lat' dir='ltr'><strong>margIne</strong></span> <span class='ocrx_word' id='word_1_199' title='bbox 1701 2131 1893 2199; x_wconf 74' lang='lat' dir='ltr'><strong>adnotatiuz</strong></span> 
     </span>
     <span class='ocr_line' id='line_1_15' title="bbox 255 2256 1896 2347; baseline 0.001 -24"><span class='ocrx_word' id='word_1_200' title='bbox 255 2260 293 2333; x_wconf 77' lang='grc' dir='ltr'><strong>εἰς</strong></span> <span class='ocrx_word' id='word_1_201' title='bbox 310 2258 348 2325; x_wconf 89' lang='grc' dir='ltr'><strong>τά</strong></span> <span class='ocrx_word' id='word_1_202' title='bbox 366 2260 514 2343; x_wconf 83' lang='grc' dir='ltr'><strong><em>μελλοντα,</em></strong></span> <span class='ocrx_word' id='word_1_203' title='bbox 533 2260 611 2324; x_wconf 88' lang='lat' dir='ltr'><strong>item</strong></span> <span class='ocrx_word' id='word_1_204' title='bbox 630 2259 673 2326; x_wconf 87' lang='lat' dir='ltr'><strong>ad</strong></span> <span class='ocrx_word' id='word_1_205' title='bbox 691 2258 794 2325; x_wconf 89' lang='lat' dir='ltr'><strong>verba</strong></span> <span class='ocrx_word' id='word_1_206' title='bbox 810 2259 907 2343; x_wconf 78' lang='grc' dir='ltr'><strong><em>συνελγ</em></strong></span> <span class='ocrx_word' id='word_1_207' title='bbox 919 2259 954 2326; x_wconf 84' lang='grc' dir='ltr'><strong>τό</strong></span> <span class='ocrx_word' id='word_1_208' title='bbox 966 2264 1025 2326; x_wconf 82' lang='grc' dir='ltr'><strong><em>πᾶν</em></strong></span> <span class='ocrx_word' id='word_1_209' title='bbox 1038 2261 1073 2324; x_wconf 91' lang='lat' dir='ltr'><strong>in</strong></span> <span class='ocrx_word' id='word_1_210' title='bbox 1086 2261 1233 2347; x_wconf 89' lang='lat' dir='ltr'><strong>margine</strong></span> <span class='ocrx_word' id='word_1_211' title='bbox 1248 2260 1446 2347; x_wconf 89' lang='lat' dir='ltr'><strong>adscriptum</strong></span> <span class='ocrx_word' id='word_1_212' title='bbox 1462 2267 1526 2324; x_wconf 86' lang='lat' dir='ltr'><strong>est:</strong></span> <span class='ocrx_word' id='word_1_213' title='bbox 1548 2258 1587 2334; x_wconf 78' lang='grc' dir='ltr'><strong>εἰς</strong></span> <span class='ocrx_word' id='word_1_214' title='bbox 1599 2259 1637 2326; x_wconf 81' lang='grc' dir='ltr'><strong>τὰ</strong></span> <span class='ocrx_word' id='word_1_215' title='bbox 1651 2258 1834 2344; x_wconf 76' lang='grc' dir='ltr'><strong><em>παρελθόντα</em></strong></span> <span class='ocrx_word' id='word_1_216' title='bbox 1847 2256 1896 2325; x_wconf 78' lang='lat' dir='ltr'><strong>aod</strong></span> 
     </span>
     <span class='ocr_line' id='line_1_16' title="bbox 255 2383 1895 2472; baseline 0.001 -21"><span class='ocrx_word' id='word_1_217' title='bbox 255 2385 292 2451; x_wconf 83' lang='grc' dir='ltr'><strong>τά</strong></span> <span class='ocrx_word' id='word_1_218' title='bbox 309 2387 452 2469; x_wconf 58' lang='lat' dir='ltr'><strong>attona</strong></span> <span class='ocrx_word' id='word_1_219' title='bbox 494 2386 585 2452; x_wconf 78' lang='lat' dir='ltr'><strong>Infra</strong></span> <span class='ocrx_word' id='word_1_220' title='bbox 602 2385 722 2471; x_wconf 84' lang='lat' dir='ltr'><strong>legitur</strong></span> <span class='ocrx_word' id='word_1_221' title='bbox 739 2388 986 2472; x_wconf 74' lang='grc' dir='ltr'><strong><em>πεφιλοσοφεάεθω</em></strong></span> <span class='ocrx_word' id='word_1_222' title='bbox 1008 2386 1047 2454; x_wconf 77' lang='grc' dir='ltr'><strong>τά</strong></span> <span class='ocrx_word' id='word_1_223' title='bbox 1064 2393 1119 2454; x_wconf 80' lang='grc' dir='ltr'><strong><em>νῦν.</em></strong></span> <span class='ocrx_word' id='word_1_224' title='bbox 1169 2384 1223 2452; x_wconf 81' lang='lat' dir='ltr'><strong>Ad</strong></span> <span class='ocrx_word' id='word_1_225' title='bbox 1240 2388 1368 2472; x_wconf 63' lang='grc' dir='ltr'><strong><em>χεομελιγς</em></strong></span> <span class='ocrx_word' id='word_1_226' title='bbox 1381 2386 1444 2451; x_wconf 84' lang='lat' dir='ltr'><strong>hoc</strong></span> <span class='ocrx_word' id='word_1_227' title='bbox 1460 2384 1607 2451; x_wconf 73' lang='lat' dir='ltr'><strong>sehofiou</strong></span> <span class='ocrx_word' id='word_1_228' title='bbox 1620 2383 1753 2470; x_wconf 79' lang='lat' dir='ltr'><strong>legitur:</strong></span> <span class='ocrx_word' id='word_1_229' title='bbox 1773 2391 1895 2472; x_wconf 75' lang='grc' dir='ltr'><strong><em>γεθῆνατ</em></strong></span> 
     </span>
     <span class='ocr_line' id='line_1_17' title="bbox 254 2512 1893 2599; baseline -0.001 -22"><span class='ocrx_word' id='word_1_230' title='bbox 254 2513 323 2599; x_wconf 64' lang='grc' dir='ltr'><strong><em>λέγει</em></strong></span> <span class='ocrx_word' id='word_1_231' title='bbox 344 2513 376 2581; x_wconf 88' lang='grc' dir='ltr'><strong>τό</strong></span> <span class='ocrx_word' id='word_1_232' title='bbox 399 2512 514 2598; x_wconf 78' lang='grc' dir='ltr'><strong><em>ἀγαθὸν</em></strong></span> <span class='ocrx_word' id='word_1_233' title='bbox 535 2513 569 2581; x_wconf 86' lang='grc' dir='ltr'><strong>τό</strong></span> <span class='ocrx_word' id='word_1_234' title='bbox 591 2514 640 2581; x_wconf 85' lang='grc' dir='ltr'><strong>τὸν</strong></span> <span class='ocrx_word' id='word_1_235' title='bbox 660 2514 710 2581; x_wconf 76' lang='grc' dir='ltr'><strong>ἕνα</strong></span> <span class='ocrx_word' id='word_1_236' title='bbox 728 2514 799 2580; x_wconf 77' lang='grc' dir='ltr'><strong><em>θεὸν</em></strong></span> <span class='ocrx_word' id='word_1_237' title='bbox 818 2513 963 2598; x_wconf 76' lang='grc' dir='ltr'><strong>ἀναλόγως</strong></span> <span class='ocrx_word' id='word_1_238' title='bbox 983 2514 1054 2598; x_wconf 82' lang='grc' dir='ltr'><strong><em>πρὸς</em></strong></span> <span class='ocrx_word' id='word_1_239' title='bbox 1070 2514 1109 2581; x_wconf 82' lang='grc' dir='ltr'><strong>τά</strong></span> <span class='ocrx_word' id='word_1_240' title='bbox 1127 2514 1237 2580; x_wconf 81' lang='grc' dir='ltr'><strong><em>δεκτικὰ</em></strong></span> <span class='ocrx_word' id='word_1_241' title='bbox 1256 2518 1290 2598; x_wconf 83' lang='grc' dir='ltr'><strong>τή</strong></span> <span class='ocrx_word' id='word_1_242' title='bbox 1307 2514 1459 2598; x_wconf 80' lang='grc' dir='ltr'><strong><em>μεταδώσει</em></strong></span> <span class='ocrx_word' id='word_1_243' title='bbox 1477 2517 1534 2578; x_wconf 75' lang='grc' dir='ltr'><strong>τῶν</strong></span> <span class='ocrx_word' id='word_1_244' title='bbox 1549 2512 1672 2598; x_wconf 75' lang='grc' dir='ltr'><strong><em>άγαθσῖν</em></strong></span> <span class='ocrx_word' id='word_1_245' title='bbox 1686 2512 1893 2596; x_wconf 58' lang='lat' dir='ltr'><strong>autarcen</strong></span> 
     </span>
     <span class='ocr_line' id='line_1_18' title="bbox 254 2638 1894 2728; baseline 0 -23"><span class='ocrx_word' id='word_1_246' title='bbox 254 2639 392 2725; x_wconf 80' lang='lat' dir='ltr'><strong>Legibu·</strong></span> <span class='ocrx_word' id='word_1_247' title='bbox 410 2639 464 2706; x_wconf 82' lang='grc' dir='ltr'><strong><em>κάν</em></strong></span> <span class='ocrx_word' id='word_1_248' title='bbox 482 2641 512 2705; x_wconf 90' lang='grc' dir='ltr'><strong><em>ἐν</em></strong></span> <span class='ocrx_word' id='word_1_249' title='bbox 528 2652 587 2715; x_wconf 84' lang='grc' dir='ltr'><strong><em>τοῖς</em></strong></span> <span class='ocrx_word' id='word_1_250' title='bbox 607 2649 639 2705; x_wconf 87' lang='lat' dir='ltr'><strong>et</strong></span> <span class='ocrx_word' id='word_1_251' title='bbox 657 2641 673 2710; x_wconf 81' lang='grc' dir='ltr'><strong>ὃ</strong></span> <span class='ocrx_word' id='word_1_252' title='bbox 693 2639 741 2708; x_wconf 80' lang='grc' dir='ltr'><strong>καέ</strong></span> <span class='ocrx_word' id='word_1_253' title='bbox 759 2638 836 2708; x_wconf 73' lang='grc' dir='ltr'><strong><em>ἄλλο)</em></strong></span> <span class='ocrx_word' id='word_1_254' title='bbox 854 2638 906 2707; x_wconf 79' lang='grc' dir='ltr'><strong>τινέ</strong></span> <span class='ocrx_word' id='word_1_255' title='bbox 919 2642 988 2725; x_wconf 88' lang='grc' dir='ltr'><strong><em>πρό,</em></strong></span> <span class='ocrx_word' id='word_1_256' title='bbox 1007 2641 1050 2708; x_wconf 84' lang='lat' dir='ltr'><strong>ed</strong></span> <span class='ocrx_word' id='word_1_257' title='bbox 1064 2662 1147 2728; x_wconf 82' lang='lat' dir='ltr'><strong>quae</strong></span> <span class='ocrx_word' id='word_1_258' title='bbox 1160 2639 1264 2706; x_wconf 86' lang='lat' dir='ltr'><strong>verbe</strong></span> <span class='ocrx_word' id='word_1_259' title='bbox 1278 2649 1421 2705; x_wconf 84' lang='lat' dir='ltr'><strong>notatur:</strong></span> <span class='ocrx_word' id='word_1_260' title='bbox 1444 2641 1520 2724; x_wconf 75' lang='grc' dir='ltr'><strong><em>οἶμαι</em></strong></span> <span class='ocrx_word' id='word_1_261' title='bbox 1534 2639 1620 2707; x_wconf 62' lang='lat' dir='ltr'><strong>abta</strong></span> <span class='ocrx_word' id='word_1_262' title='bbox 1634 2639 1795 2706; x_wconf 74' lang='grc' dir='ltr'><strong><em>ἀθατόσισν</em></strong></span> <span class='ocrx_word' id='word_1_263' title='bbox 1809 2640 1894 2724; x_wconf 83' lang='grc' dir='ltr'><strong><em>λε’γεεν</em></strong></span> 
     </span>
     <span class='ocr_line' id='line_1_19' title="bbox 255 2764 1894 2855; baseline 0 -22"><span class='ocrx_word' id='word_1_264' title='bbox 255 2768 344 2835; x_wconf 85' lang='grc' dir='ltr'><strong><em>ἐντῶ</em></strong></span> <span class='ocrx_word' id='word_1_265' title='bbox 367 2775 391 2832; x_wconf 85' lang='grc' dir='ltr'><strong>δ’</strong></span> <span class='ocrx_word' id='word_1_266' title='bbox 412 2769 485 2852; x_wconf 87' lang='grc' dir='ltr'><strong>λόγω</strong></span> <span class='ocrx_word' id='word_1_267' title='bbox 506 2767 578 2851; x_wconf 74' lang='grc' dir='ltr'><strong><em>πρὸς</em></strong></span> <span class='ocrx_word' id='word_1_268' title='bbox 598 2768 751 2853; x_wconf 77' lang='grc' dir='ltr'><strong><em>άριιανοός.</em></strong></span> <span class='ocrx_word' id='word_1_269' title='bbox 792 2768 876 2834; x_wconf 88' lang='lat' dir='ltr'><strong>Item</strong></span> <span class='ocrx_word' id='word_1_270' title='bbox 899 2769 942 2834; x_wconf 86' lang='lat' dir='ltr'><strong>ad</strong></span> <span class='ocrx_word' id='word_1_271' title='bbox 963 2775 1075 2854; x_wconf 74' lang='grc' dir='ltr'><strong><em>πρῶτον</em></strong></span> <span class='ocrx_word' id='word_1_272' title='bbox 1095 2771 1144 2852; x_wconf 72' lang='grc' dir='ltr'><strong><em>μέν</em></strong></span> <span class='ocrx_word' id='word_1_273' title='bbox 1165 2766 1247 2833; x_wconf 89' lang='lat' dir='ltr'><strong>baec</strong></span> <span class='ocrx_word' id='word_1_274' title='bbox 1269 2768 1420 2855; x_wconf 81' lang='lat' dir='ltr'><strong>apposita</strong></span> <span class='ocrx_word' id='word_1_275' title='bbox 1441 2774 1530 2832; x_wconf 89' lang='lat' dir='ltr'><strong>sunt:</strong></span> <span class='ocrx_word' id='word_1_276' title='bbox 1559 2764 1622 2850; x_wconf 77' lang='grc' dir='ltr'><strong><em>περὶ</em></strong></span> <span class='ocrx_word' id='word_1_277' title='bbox 1642 2768 1816 2852; x_wconf 65' lang='grc' dir='ltr'><strong><em>δημιουργίας</em></strong></span> <span class='ocrx_word' id='word_1_278' title='bbox 1835 2771 1894 2833; x_wconf 76' lang='grc' dir='ltr'><strong>τῶν</strong></span> 
     </span>
     <span class='ocr_line' id='line_1_20' title="bbox 255 2892 1893 2981; baseline -0.001 -20"><span class='ocrx_word' id='word_1_279' title='bbox 255 2895 390 2979; x_wconf 85' lang='grc' dir='ltr'><strong><em>οόρανάαν</em></strong></span> <span class='ocrx_word' id='word_1_280' title='bbox 408 2895 559 2979; x_wconf 81' lang='grc' dir='ltr'><strong><em>δυνάμεων,</em></strong></span> <span class='ocrx_word' id='word_1_281' title='bbox 572 2892 621 2961; x_wconf 82' lang='lat' dir='ltr'><strong>aui</strong></span> <span class='ocrx_word' id='word_1_282' title='bbox 634 2906 744 2980; x_wconf 82' lang='grc' dir='ltr'><strong><em>σημεῖον</em></strong></span> <span class='ocrx_word' id='word_1_283' title='bbox 762 2893 805 2962; x_wconf 87' lang='grc' dir='ltr'><strong>ότι</strong></span> <span class='ocrx_word' id='word_1_284' title='bbox 818 2893 865 2961; x_wconf 82' lang='lat' dir='ltr'><strong>aui</strong></span> <span class='ocrx_word' id='word_1_285' title='bbox 884 2897 939 2980; x_wconf 88' lang='grc' dir='ltr'><strong><em>πρὸ</em></strong></span> <span class='ocrx_word' id='word_1_286' title='bbox 958 2896 1065 2971; x_wconf 81' lang='grc' dir='ltr'><strong><em>παντὸς</em></strong></span> <span class='ocrx_word' id='word_1_287' title='bbox 1078 2902 1128 2963; x_wconf 79' lang='grc' dir='ltr'><strong>τοῦ</strong></span> <span class='ocrx_word' id='word_1_288' title='bbox 1141 2895 1279 2981; x_wconf 74' lang='grc' dir='ltr'><strong>ὁρωμένου</strong></span> <span class='ocrx_word' id='word_1_289' title='bbox 1292 2895 1389 2962; x_wconf 84' lang='grc' dir='ltr'><strong><em>τοότσυ</em></strong></span> <span class='ocrx_word' id='word_1_290' title='bbox 1403 2894 1505 2977; x_wconf 82' lang='grc' dir='ltr'><strong><em>κόσμον</em></strong></span> <span class='ocrx_word' id='word_1_291' title='bbox 1518 2894 1624 2968; x_wconf 76' lang='grc' dir='ltr'><strong><em>ταότας</em></strong></span> <span class='ocrx_word' id='word_1_292' title='bbox 1636 2893 1793 2978; x_wconf 78' lang='grc' dir='ltr'><strong><em>ὑποστῆναι’</em></strong></span> <span class='ocrx_word' id='word_1_293' title='bbox 1801 2919 1893 2978; x_wconf 77' lang='grc' dir='ltr'><strong><em>φησιν.</em></strong></span> 
     </span>
     <span class='ocr_line' id='line_1_21' title="bbox 254 3018 1892 3109; baseline 0.001 -23"><span class='ocrx_word' id='word_1_294' title='bbox 254 3021 334 3107; x_wconf 88' lang='lat' dir='ltr'><strong>Pag.</strong></span> <span class='ocrx_word' id='word_1_295' title='bbox 350 3021 422 3087; x_wconf 80' lang='lat'><strong>850.</strong></span> <span class='ocrx_word' id='word_1_296' title='bbox 437 3020 470 3085; x_wconf 95' lang='lat' dir='ltr'>D</span> <span class='ocrx_word' id='word_1_297' title='bbox 490 3031 541 3087; x_wconf 91' lang='lat' dir='ltr'><strong>est</strong></span> <span class='ocrx_word' id='word_1_298' title='bbox 557 3023 737 3107; x_wconf 73' lang='grc' dir='ltr'><strong><em>τιλαιοτέρσν.</em></strong></span> <span class='ocrx_word' id='word_1_299' title='bbox 779 3020 834 3087; x_wconf 85' lang='lat' dir='ltr'><strong>Ad</strong></span> <span class='ocrx_word' id='word_1_300' title='bbox 852 3024 905 3097; x_wconf 77' lang='grc' dir='ltr'><strong><em>τὰς</em></strong></span> <span class='ocrx_word' id='word_1_301' title='bbox 923 3029 963 3108; x_wconf 87' lang='grc' dir='ltr'><strong>γλ</strong></span> <span class='ocrx_word' id='word_1_302' title='bbox 982 3026 1008 3090; x_wconf 78' lang='grc' dir='ltr'><strong>οἱ</strong></span> <span class='ocrx_word' id='word_1_303' title='bbox 1024 3023 1160 3108; x_wconf 77' lang='grc' dir='ltr'><strong>θεομάχοι</strong></span> <span class='ocrx_word' id='word_1_304' title='bbox 1176 3021 1323 3088; x_wconf 81' lang='lat' dir='ltr'><strong>scholion</strong></span> <span class='ocrx_word' id='word_1_305' title='bbox 1337 3022 1522 3109; x_wconf 90' lang='lat' dir='ltr'><strong>appositum</strong></span> <span class='ocrx_word' id='word_1_306' title='bbox 1536 3030 1606 3097; x_wconf 82' lang='lat' dir='ltr'><strong>erat</strong></span> <span class='ocrx_word' id='word_1_307' title='bbox 1620 3021 1712 3087; x_wconf 90' lang='lat' dir='ltr'><strong>ouius</strong></span> <span class='ocrx_word' id='word_1_308' title='bbox 1727 3018 1809 3086; x_wconf 88' lang='lat' dir='ltr'><strong>haec</strong></span> <span class='ocrx_word' id='word_1_309' title='bbox 1822 3030 1892 3086; x_wconf 84' lang='lat' dir='ltr'><strong>tan·</strong></span> 
     </span>
     <span class='ocr_line' id='line_1_22' title="bbox 255 3146 1894 3237; baseline -0.001 -23"><span class='ocrx_word' id='word_1_310' title='bbox 255 3158 323 3214; x_wconf 90' lang='lat' dir='ltr'><strong>tum</strong></span> <span class='ocrx_word' id='word_1_311' title='bbox 342 3148 444 3214; x_wconf 83' lang='lat' dir='ltr'><strong>verbs.</strong></span> <span class='ocrx_word' id='word_1_312' title='bbox 463 3157 651 3237; x_wconf 80' lang='lat' dir='ltr'><strong>supersunt:</strong></span> <span class='ocrx_word' id='word_1_313' title='bbox 672 3152 814 3236; x_wconf 76' lang='grc' dir='ltr'><strong><em>βασιλιλλιγς</em></strong></span> <span class='ocrx_word' id='word_1_314' title='bbox 831 3151 939 3224; x_wconf 77' lang='grc' dir='ltr'><strong><em>πολλάς</em></strong></span> <span class='ocrx_word' id='word_1_315' title='bbox 958 3151 1125 3236; x_wconf 74' lang='grc' dir='ltr'><strong><em>ἀντιρρήσεις</em></strong></span> <span class='ocrx_word' id='word_1_316' title='bbox 1141 3152 1181 3226; x_wconf 71' lang='lat' dir='ltr'><strong>sic</strong></span> <span class='ocrx_word' id='word_1_317' title='bbox 1194 3151 1226 3218; x_wconf 82' lang='grc' dir='ltr'><strong>τὸ</strong></span> <span class='ocrx_word' id='word_1_318' title='bbox 1246 3178 1315 3216; x_wconf 88' lang='grc' dir='ltr'><strong>...σν</strong></span> <span class='ocrx_word' id='word_1_319' title='bbox 1333 3155 1383 3234; x_wconf 75' lang='grc' dir='ltr'><strong><em>τῆς</em></strong></span> <span class='ocrx_word' id='word_1_320' title='bbox 1400 3151 1528 3236; x_wconf 78' lang='grc' dir='ltr'><strong><em>γενάσεως</em></strong></span> <span class='ocrx_word' id='word_1_321' title='bbox 1546 3159 1660 3234; x_wconf 82' lang='grc' dir='ltr'><strong><em>χωρεῖσν</em></strong></span> <span class='ocrx_word' id='word_1_322' title='bbox 1674 3148 1755 3214; x_wconf 73' lang='grc' dir='ltr'><strong><em>εἶπεν.</em></strong></span> <span class='ocrx_word' id='word_1_323' title='bbox 1798 3146 1827 3212; x_wconf 82' lang='grc' dir='ltr'>Ε</span> <span class='ocrx_word' id='word_1_324' title='bbox 1843 3156 1894 3213; x_wconf 84' lang='lat' dir='ltr'><strong>est</strong></span> 
     </span>
     <span class='ocr_line' id='line_1_23' title="bbox 254 3271 1895 3363; baseline -0.001 -21"><span class='ocrx_word' id='word_1_325' title='bbox 254 3271 287 3362; x_wconf 75' lang='grc' dir='ltr'><strong>ής</strong></span> <span class='ocrx_word' id='word_1_326' title='bbox 298 3277 383 3361; x_wconf 81' lang='grc' dir='ltr'><strong><em>μόνιγς</em></strong></span> <span class='ocrx_word' id='word_1_327' title='bbox 395 3277 543 3362; x_wconf 71' lang='grc' dir='ltr'><strong>ἐπιβαίνειν</strong></span> <span class='ocrx_word' id='word_1_328' title='bbox 558 3285 590 3342; x_wconf 87' lang='lat' dir='ltr'><strong>et</strong></span> <span class='ocrx_word' id='word_1_329' title='bbox 603 3297 679 3363; x_wconf 82' lang='lat' dir='ltr'><strong>pag.</strong></span> <span class='ocrx_word' id='word_1_330' title='bbox 695 3276 767 3342; x_wconf 88' lang='grc'><strong>851.</strong></span> <span class='ocrx_word' id='word_1_331' title='bbox 781 3274 813 3340; x_wconf 87' lang='grc' dir='ltr'>Α</span> <span class='ocrx_word' id='word_1_332' title='bbox 828 3278 974 3363; x_wconf 81' lang='lat' dir='ltr'><strong>pergitur</strong></span> <span class='ocrx_word' id='word_1_333' title='bbox 989 3278 1057 3363; x_wconf 83' lang='grc' dir='ltr'><strong>άσφ.</strong></span> <span class='ocrx_word' id='word_1_334' title='bbox 1071 3279 1136 3351; x_wconf 79' lang='grc' dir='ltr'><strong><em>τοὺς</em></strong></span> <span class='ocrx_word' id='word_1_335' title='bbox 1148 3277 1198 3362; x_wconf 82' lang='grc' dir='ltr'><strong>τήν</strong></span> <span class='ocrx_word' id='word_1_336' title='bbox 1213 3278 1268 3355; x_wconf 74' lang='grc' dir='ltr'><strong><em>ἴξιν</em></strong></span> <span class='ocrx_word' id='word_1_337' title='bbox 1281 3279 1464 3361; x_wconf 76' lang='grc' dir='ltr'><strong><em>τιλεοιτερσυς.</em></strong></span> <span class='ocrx_word' id='word_1_338' title='bbox 1494 3274 1622 3341; x_wconf 86' lang='lat' dir='ltr'><strong>Ibidem</strong></span> <span class='ocrx_word' id='word_1_339' title='bbox 1638 3283 1689 3341; x_wconf 86' lang='lat' dir='ltr'><strong>est</strong></span> <span class='ocrx_word' id='word_1_340' title='bbox 1701 3286 1759 3350; x_wconf 77' lang='grc' dir='ltr'><strong><em>τοῖς</em></strong></span> <span class='ocrx_word' id='word_1_341' title='bbox 1773 3273 1895 3351; x_wconf 70' lang='grc' dir='ltr'><strong><em>ἁπαλοῖς</em></strong></span> 
     </span>
     <span class='ocr_line' id='line_1_24' title="bbox 255 3400 1894 3489; baseline -0.001 -21"><span class='ocrx_word' id='word_1_342' title='bbox 255 3404 312 3470; x_wconf 83' lang='grc' dir='ltr'><strong><em>ἐστι</em></strong></span> <span class='ocrx_word' id='word_1_343' title='bbox 330 3413 362 3469; x_wconf 90' lang='lat' dir='ltr'><strong>et</strong></span> <span class='ocrx_word' id='word_1_344' title='bbox 380 3405 579 3488; x_wconf 78' lang='grc' dir='ltr'><strong><em>πειθανοτιρα.</em></strong></span> <span class='ocrx_word' id='word_1_345' title='bbox 621 3400 676 3468; x_wconf 86' lang='lat' dir='ltr'><strong>Ad</strong></span> <span class='ocrx_word' id='word_1_346' title='bbox 695 3403 744 3487; x_wconf 81' lang='grc' dir='ltr'><strong>ἐμή</strong></span> <span class='ocrx_word' id='word_1_347' title='bbox 763 3403 816 3488; x_wconf 87' lang='grc' dir='ltr'><strong>γάρ</strong></span> <span class='ocrx_word' id='word_1_348' title='bbox 834 3412 979 3468; x_wconf 88' lang='lat' dir='ltr'><strong>notatur:</strong></span> <span class='ocrx_word' id='word_1_349' title='bbox 1002 3403 1051 3489; x_wconf 79' lang='grc' dir='ltr'><strong>ἐμή</strong></span> <span class='ocrx_word' id='word_1_350' title='bbox 1069 3404 1123 3488; x_wconf 87' lang='grc' dir='ltr'><strong>γάρ</strong></span> <span class='ocrx_word' id='word_1_351' title='bbox 1140 3404 1157 3488; x_wconf 80' lang='grc' dir='ltr'><strong>ἐγ</strong></span> <span class='ocrx_word' id='word_1_352' title='bbox 1180 3410 1229 3470; x_wconf 81' lang='grc' dir='ltr'><strong>τοῦ</strong></span> <span class='ocrx_word' id='word_1_353' title='bbox 1249 3404 1439 3489; x_wconf 82' lang='grc' dir='ltr'><strong><em>προπάτορας·</em></strong></span> <span class='ocrx_word' id='word_1_354' title='bbox 1461 3403 1519 3470; x_wconf 76' lang='lat' dir='ltr'><strong>etot</strong></span> <span class='ocrx_word' id='word_1_355' title='bbox 1536 3402 1554 3487; x_wconf 80' lang='grc' dir='ltr'><strong>ἐγ</strong></span> <span class='ocrx_word' id='word_1_356' title='bbox 1572 3401 1681 3469; x_wconf 76' lang='grc' dir='ltr'><strong><em>διάνοια</em></strong></span> <span class='ocrx_word' id='word_1_357' title='bbox 1700 3405 1800 3486; x_wconf 74' lang='grc' dir='ltr'><strong><em>σαφῶς</em></strong></span> <span class='ocrx_word' id='word_1_358' title='bbox 1812 3401 1830 3485; x_wconf 82' lang='grc' dir='ltr'><strong>ἐγ</strong></span> <span class='ocrx_word' id='word_1_359' title='bbox 1843 3406 1894 3468; x_wconf 83' lang='grc' dir='ltr'><strong>τυό</strong></span> 
     </span>
     <span class='ocr_line' id='line_1_25' title="bbox 254 3526 1894 3616; baseline -0.002 -19"><span class='ocrx_word' id='word_1_360' title='bbox 254 3530 373 3616; x_wconf 82' lang='grc' dir='ltr'><strong><em>πατρός·</em></strong></span> <span class='ocrx_word' id='word_1_361' title='bbox 395 3526 438 3598; x_wconf 85' lang='grc' dir='ltr'><strong>ότι</strong></span> <span class='ocrx_word' id='word_1_362' title='bbox 456 3530 494 3596; x_wconf 87' lang='grc' dir='ltr'><strong>τά</strong></span> <span class='ocrx_word' id='word_1_363' title='bbox 513 3536 563 3597; x_wconf 83' lang='grc' dir='ltr'><strong>του</strong></span> <span class='ocrx_word' id='word_1_364' title='bbox 582 3531 660 3615; x_wconf 76' lang='grc' dir='ltr'><strong><em>άδάμ</em></strong></span> <span class='ocrx_word' id='word_1_365' title='bbox 679 3531 774 3615; x_wconf 80' lang='grc' dir='ltr'><strong>...ρὸς</strong></span> <span class='ocrx_word' id='word_1_366' title='bbox 793 3531 826 3598; x_wconf 87' lang='grc' dir='ltr'><strong>τὸ</strong></span> <span class='ocrx_word' id='word_1_367' title='bbox 844 3533 921 3616; x_wconf 75' lang='grc' dir='ltr'><strong><em>γένος</em></strong></span> <span class='ocrx_word' id='word_1_368' title='bbox 938 3535 1021 3596; x_wconf 74' lang='grc' dir='ltr'><strong><em>τοῦτο</em></strong></span> <span class='ocrx_word' id='word_1_369' title='bbox 1038 3542 1198 3615; x_wconf 80' lang='grc' dir='ltr'><strong><em>παρατηρεῖ</em></strong></span> <span class='ocrx_word' id='word_1_370' title='bbox 1214 3531 1243 3596; x_wconf 84' lang='grc' dir='ltr'><strong><em>ἐν</em></strong></span> <span class='ocrx_word' id='word_1_371' title='bbox 1262 3535 1355 3598; x_wconf 80' lang='grc' dir='ltr'><strong><em>πᾶσιν.</em></strong></span> <span class='ocrx_word' id='word_1_372' title='bbox 1403 3529 1487 3595; x_wconf 86' lang='lat' dir='ltr'><strong>Item</strong></span> <span class='ocrx_word' id='word_1_373' title='bbox 1506 3528 1550 3594; x_wconf 84' lang='lat' dir='ltr'><strong>ad</strong></span> <span class='ocrx_word' id='word_1_374' title='bbox 1568 3529 1674 3614; x_wconf 75' lang='grc' dir='ltr'><strong><em>σάρκατ</em></strong></span> <span class='ocrx_word' id='word_1_375' title='bbox 1698 3528 1818 3613; x_wconf 75' lang='grc' dir='ltr'><strong><em>ζητήσεις</em></strong></span> <span class='ocrx_word' id='word_1_376' title='bbox 1831 3554 1894 3604; x_wconf 75' lang='grc' dir='ltr'><strong>πως</strong></span> 
     </span>
     <span class='ocr_line' id='line_1_26' title="bbox 257 3648 1892 3744; baseline -0.001 -22"><span class='ocrx_word' id='word_1_377' title='bbox 257 3653 316 3743; x_wconf 85' lang='grc' dir='ltr'>(ἰῖε</span> <span class='ocrx_word' id='word_1_378' title='bbox 333 3654 477 3743; x_wconf 87' lang='lat' dir='ltr'><strong>videtur)</strong></span> <span class='ocrx_word' id='word_1_379' title='bbox 497 3655 548 3742; x_wconf 80' lang='grc' dir='ltr'><strong>ήδη</strong></span> <span class='ocrx_word' id='word_1_380' title='bbox 566 3657 652 3725; x_wconf 73' lang='lat' dir='ltr'><strong>eineis</strong></span> <span class='ocrx_word' id='word_1_381' title='bbox 670 3659 756 3733; x_wconf 74' lang='grc' dir='ltr'><strong><em>αὐτὸς</em></strong></span> <span class='ocrx_word' id='word_1_382' title='bbox 775 3653 931 3744; x_wconf 85' lang='lat' dir='ltr'><strong>(videtur)</strong></span> <span class='ocrx_word' id='word_1_383' title='bbox 951 3658 1044 3743; x_wconf 81' lang='grc' dir='ltr'><strong><em>σάρκα</em></strong></span> <span class='ocrx_word' id='word_1_384' title='bbox 1058 3655 1105 3722; x_wconf 80' lang='lat' dir='ltr'><strong>aui</strong></span> <span class='ocrx_word' id='word_1_385' title='bbox 1119 3662 1226 3741; x_wconf 74' lang='grc' dir='ltr'><strong><em>πνεῦμα</em></strong></span> <span class='ocrx_word' id='word_1_386' title='bbox 1240 3655 1288 3722; x_wconf 74' lang='grc' dir='ltr'><strong>καὶ</strong></span> <span class='ocrx_word' id='word_1_387' title='bbox 1301 3659 1364 3742; x_wconf 82' lang='grc' dir='ltr'><strong><em>ἐξής</em></strong></span> <span class='ocrx_word' id='word_1_388' title='bbox 1380 3652 1545 3743; x_wconf 86' lang='lat' dir='ltr'><strong>(videtur),</strong></span> <span class='ocrx_word' id='word_1_389' title='bbox 1560 3661 1608 3722; x_wconf 78' lang='grc' dir='ltr'><strong>νῦν</strong></span> <span class='ocrx_word' id='word_1_390' title='bbox 1622 3657 1799 3740; x_wconf 78' lang='grc' dir='ltr'><strong><em>δερματίνους</em></strong></span> <span class='ocrx_word' id='word_1_391' title='bbox 1810 3648 1892 3740; x_wconf 66' lang='lat' dir='ltr'><strong>qusai·</strong></span> 
     </span>
     <span class='ocr_line' id='line_1_27' title="bbox 254 3781 1892 3871; baseline -0.001 -22"><span class='ocrx_word' id='word_1_392' title='bbox 254 3812 305 3859; x_wconf 79' lang='grc' dir='ltr'><strong>νας</strong></span> <span class='ocrx_word' id='word_1_393' title='bbox 323 3782 370 3849; x_wconf 77' lang='grc' dir='ltr'><strong>καὶ</strong></span> <span class='ocrx_word' id='word_1_394' title='bbox 390 3787 549 3870; x_wconf 70' lang='grc' dir='ltr'><strong><em>παχυτέραν</em></strong></span> <span class='ocrx_word' id='word_1_395' title='bbox 565 3784 659 3871; x_wconf 81' lang='grc' dir='ltr'><strong><em>σάρκα</em></strong></span> <span class='ocrx_word' id='word_1_396' title='bbox 676 3783 760 3870; x_wconf 72' lang='grc' dir='ltr'><strong><em>φησέν</em></strong></span> <span class='ocrx_word' id='word_1_397' title='bbox 778 3785 949 3851; x_wconf 74' lang='grc' dir='ltr'><strong><em>ἐνδεδύσθαι</em></strong></span> <span class='ocrx_word' id='word_1_398' title='bbox 990 3783 1074 3849; x_wconf 88' lang='lat' dir='ltr'><strong>Item</strong></span> <span class='ocrx_word' id='word_1_399' title='bbox 1088 3783 1131 3850; x_wconf 88' lang='lat' dir='ltr'><strong>ad</strong></span> <span class='ocrx_word' id='word_1_400' title='bbox 1146 3783 1213 3859; x_wconf 78' lang='grc' dir='ltr'><strong><em>ἴσως</em></strong></span> <span class='ocrx_word' id='word_1_401' title='bbox 1227 3783 1314 3870; x_wconf 88' lang='lat' dir='ltr'><strong>quod</strong></span> <span class='ocrx_word' id='word_1_402' title='bbox 1328 3782 1509 3870; x_wconf 86' lang='lat' dir='ltr'><strong>praeeedit:</strong></span> <span class='ocrx_word' id='word_1_403' title='bbox 1532 3782 1662 3848; x_wconf 75' lang='grc' dir='ltr'><strong><em>ἐκόλασεν</em></strong></span> <span class='ocrx_word' id='word_1_404' title='bbox 1680 3782 1750 3849; x_wconf 77' lang='grc' dir='ltr'><strong><em>αι’ντὸ</em></strong></span> <span class='ocrx_word' id='word_1_405' title='bbox 1767 3781 1783 3849; x_wconf 84' lang='grc' dir='ltr'><em>ὃ</em></span> <span class='ocrx_word' id='word_1_406' title='bbox 1798 3782 1892 3867; x_wconf 71' lang='grc' dir='ltr'><strong><em>πατὴρ</em></strong></span> 
     </span>
    </p>
   </div>
   <div class='ocr_carea' id='block_1_3' title="bbox 190 3907 1892 4507">
    <p class='ocr_par' dir='ltr' id='par_1_3' title="bbox 190 3907 1892 4251">
     <span class='ocr_line' id='line_1_28' title="bbox 254 3907 1892 3996; baseline -0.002 -19"><span class='ocrx_word' id='word_1_407' title='bbox 254 3909 301 3977; x_wconf 66' lang='grc' dir='ltr'><strong><em>κατ’</em></strong></span> <span class='ocrx_word' id='word_1_408' title='bbox 320 3912 370 3979; x_wconf 77' lang='lat' dir='ltr'><strong>oria</strong></span> <span class='ocrx_word' id='word_1_409' title='bbox 390 3910 555 3996; x_wconf 77' lang='grc' dir='ltr'><strong><em>ἀπεφήνατο</em></strong></span> <span class='ocrx_word' id='word_1_410' title='bbox 573 3912 658 3978; x_wconf 75' lang='grc' dir='ltr'><strong><em>εέποέν</em></strong></span> <span class='ocrx_word' id='word_1_411' title='bbox 676 3913 709 3981; x_wconf 87' lang='grc' dir='ltr'><strong>τό</strong></span> <span class='ocrx_word' id='word_1_412' title='bbox 729 3909 806 3986; x_wconf 71' lang='grc' dir='ltr'><strong><em>ἴσως·</em></strong></span> <span class='ocrx_word' id='word_1_413' title='bbox 828 3917 922 3986; x_wconf 68' lang='grc' dir='ltr'><strong><em>καλῶς</em></strong></span> <span class='ocrx_word' id='word_1_414' title='bbox 939 3907 969 3977; x_wconf 82' lang='grc' dir='ltr'><strong><em>δέ</em></strong></span> <span class='ocrx_word' id='word_1_415' title='bbox 986 3912 1062 3977; x_wconf 78' lang='grc' dir='ltr'><strong><em>εἶπεν</em></strong></span> <span class='ocrx_word' id='word_1_416' title='bbox 1078 3911 1128 3995; x_wconf 80' lang='grc' dir='ltr'><strong>τέγν</strong></span> <span class='ocrx_word' id='word_1_417' title='bbox 1146 3912 1316 3996; x_wconf 87' lang='grc' dir='ltr'><strong><em>παγυτέριτν·</em></strong></span> <span class='ocrx_word' id='word_1_418' title='bbox 1338 3911 1392 3995; x_wconf 76' lang='grc' dir='ltr'><strong><em>εἶχε</em></strong></span> <span class='ocrx_word' id='word_1_419' title='bbox 1411 3911 1465 3994; x_wconf 85' lang='grc' dir='ltr'><strong>γάρ</strong></span> <span class='ocrx_word' id='word_1_420' title='bbox 1484 3909 1500 3977; x_wconf 86' lang='grc' dir='ltr'><strong><em>ό</em></strong></span> <span class='ocrx_word' id='word_1_421' title='bbox 1518 3909 1595 3993; x_wconf 88' lang='grc' dir='ltr'><strong><em>άδάμ</em></strong></span> <span class='ocrx_word' id='word_1_422' title='bbox 1613 3907 1661 3975; x_wconf 80' lang='lat' dir='ltr'><strong>ani</strong></span> <span class='ocrx_word' id='word_1_423' title='bbox 1680 3907 1745 3994; x_wconf 81' lang='grc' dir='ltr'><strong><em>πρέν</em></strong></span> <span class='ocrx_word' id='word_1_424' title='bbox 1759 3908 1892 3993; x_wconf 81' lang='grc' dir='ltr'><strong>ἁμαρτεῖν</strong></span> 
     </span>
     <span class='ocr_line' id='line_1_29' title="bbox 255 4009 1891 4126; baseline -0.001 -23"><span class='ocrx_word' id='word_1_425' title='bbox 255 4033 427 4126; x_wconf 67' lang='lat' dir='ltr'><strong>(seriptum</strong></span> <span class='ocrx_word' id='word_1_426' title='bbox 449 4045 500 4103; x_wconf 75' lang='lat' dir='ltr'><strong>ea</strong></span> <span class='ocrx_word' id='word_1_427' title='bbox 521 4035 600 4126; x_wconf 47' lang='lat' dir='ltr'><strong>aa)</strong></span> <span class='ocrx_word' id='word_1_428' title='bbox 621 4039 725 4123; x_wconf 72' lang='grc' dir='ltr'><strong><em>σερε</em></strong></span> <span class='ocrx_word' id='word_1_429' title='bbox 745 4039 803 4106; x_wconf 79' lang='grc' dir='ltr'><strong>ια</strong></span> <span class='ocrx_word' id='word_1_430' title='bbox 824 4039 934 4105; x_wconf 68' lang='grc' dir='ltr'><strong><em>ια...</em></strong></span> <span class='ocrx_word' id='word_1_431' title='bbox 963 4026 1045 4123; x_wconf 73' lang='lat' dir='ltr'><strong>rag.</strong></span> <span class='ocrx_word' id='word_1_432' title='bbox 1060 4037 1177 4104; x_wconf 76' lang='lat' dir='ltr'><strong>saue</strong></span> <span class='ocrx_word' id='word_1_433' title='bbox 1197 4045 1247 4102; x_wconf 73' lang='lat' dir='ltr'><strong>at</strong></span> <span class='ocrx_word' id='word_1_434' title='bbox 1264 4042 1313 4103; x_wconf 71' lang='grc' dir='ltr'><strong>ιιι</strong></span> <span class='ocrx_word' id='word_1_435' title='bbox 1332 4037 1486 4123; x_wconf 57' lang='lat' dir='ltr'><strong>extusa</strong></span> <span class='ocrx_word' id='word_1_436' title='bbox 1499 4037 1627 4111; x_wconf 56' lang='lat' dir='ltr'><strong>umas,</strong></span> <span class='ocrx_word' id='word_1_437' title='bbox 1650 4009 1683 4100; x_wconf 72' lang='grc' dir='ltr'><strong><em>ει</em></strong></span> <span class='ocrx_word' id='word_1_438' title='bbox 1696 4036 1730 4099; x_wconf 75' lang='grc' dir='ltr'><strong><em>ιι</em></strong></span> <span class='ocrx_word' id='word_1_439' title='bbox 1744 4034 1891 4119; x_wconf 66' lang='lat' dir='ltr'><strong>magam</strong></span> 
     </span>
     <span class='ocr_line' id='line_1_30' title="bbox 190 4165 952 4251; baseline -0.001 -20"><span class='ocrx_word' id='word_1_440' title='bbox 190 4198 195 4210; x_wconf 91' lang='lat'><strong>·</strong></span> <span class='ocrx_word' id='word_1_441' title='bbox 254 4165 441 4231; x_wconf 71' lang='lat' dir='ltr'><strong>adnotatum:</strong></span> <span class='ocrx_word' id='word_1_442' title='bbox 465 4165 612 4249; x_wconf 77' lang='grc' dir='ltr'><strong><em>ἐκτόπωμα</em></strong></span> <span class='ocrx_word' id='word_1_443' title='bbox 626 4169 752 4251; x_wconf 77' lang='grc' dir='ltr'><strong><em>σφραγίς,</em></strong></span> <span class='ocrx_word' id='word_1_444' title='bbox 767 4165 952 4250; x_wconf 76' lang='grc' dir='ltr'><strong><em>ὖτιυγραμμός.</em></strong></span> 
     </span>
    </p>

    <p class='ocr_par' dir='ltr' id='par_1_4' title="bbox 253 4287 1891 4507">
     <span class='ocr_line' id='line_1_31' title="bbox 361 4287 1890 4379; baseline -0.002 -22"><span class='ocrx_word' id='word_1_445' title='bbox 361 4290 404 4357; x_wconf 82' lang='lat' dir='ltr'><strong>O:</strong></span> <span class='ocrx_word' id='word_1_446' title='bbox 426 4291 506 4358; x_wconf 87' lang='lat' dir='ltr'><strong>folia</strong></span> <span class='ocrx_word' id='word_1_447' title='bbox 523 4293 587 4356; x_wconf 89' lang='lat' dir='ltr'><strong>tria</strong></span> <span class='ocrx_word' id='word_1_448' title='bbox 605 4294 729 4358; x_wconf 85' lang='lat' dir='ltr'><strong>formae</strong></span> <span class='ocrx_word' id='word_1_449' title='bbox 749 4303 896 4379; x_wconf 87' lang='lat' dir='ltr'><strong>quartae,</strong></span> <span class='ocrx_word' id='word_1_450' title='bbox 917 4293 1031 4379; x_wconf 91' lang='lat' dir='ltr'><strong>quavis</strong></span> <span class='ocrx_word' id='word_1_451' title='bbox 1050 4294 1172 4378; x_wconf 85' lang='lat' dir='ltr'><strong>pagina</strong></span> <span class='ocrx_word' id='word_1_452' title='bbox 1184 4290 1226 4356; x_wconf 89' lang='grc'><strong>26</strong></span> <span class='ocrx_word' id='word_1_453' title='bbox 1240 4287 1390 4357; x_wconf 85' lang='lat' dir='ltr'><strong>versibus</strong></span> <span class='ocrx_word' id='word_1_454' title='bbox 1405 4290 1566 4356; x_wconf 89' lang='lat' dir='ltr'><strong>continuis</strong></span> <span class='ocrx_word' id='word_1_455' title='bbox 1583 4288 1720 4374; x_wconf 87' lang='lat' dir='ltr'><strong>scripta,</strong></span> <span class='ocrx_word' id='word_1_456' title='bbox 1742 4310 1808 4353; x_wconf 90' lang='lat' dir='ltr'><strong>una</strong></span> <span class='ocrx_word' id='word_1_457' title='bbox 1819 4295 1890 4354; x_wconf 86' lang='lat' dir='ltr'><strong>tau·</strong></span> 
     </span>
     <span class='ocr_line' id='line_1_32' title="bbox 253 4414 1891 4507; baseline -0.002 -25"><span class='ocrx_word' id='word_1_458' title='bbox 253 4427 321 4484; x_wconf 88' lang='lat' dir='ltr'><strong>tum</strong></span> <span class='ocrx_word' id='word_1_459' title='bbox 340 4416 383 4484; x_wconf 90' lang='lat' dir='ltr'><strong>ad</strong></span> <span class='ocrx_word' id='word_1_460' title='bbox 401 4420 564 4505; x_wconf 88' lang='lat' dir='ltr'><strong>margines</strong></span> <span class='ocrx_word' id='word_1_461' title='bbox 582 4416 669 4484; x_wconf 87' lang='lat' dir='ltr'><strong>linea</strong></span> <span class='ocrx_word' id='word_1_462' title='bbox 683 4420 789 4485; x_wconf 88' lang='lat' dir='ltr'><strong>ducta.</strong></span> <span class='ocrx_word' id='word_1_463' title='bbox 832 4420 1002 4507; x_wconf 86' lang='lat' dir='ltr'><strong>Scriptura</strong></span> <span class='ocrx_word' id='word_1_464' title='bbox 1015 4419 1173 4484; x_wconf 88' lang='lat' dir='ltr'><strong>maiorem</strong></span> <span class='ocrx_word' id='word_1_465' title='bbox 1187 4417 1314 4484; x_wconf 89' lang='lat' dir='ltr'><strong>duobus</strong></span> <span class='ocrx_word' id='word_1_466' title='bbox 1328 4418 1518 4503; x_wconf 80' lang='lat' dir='ltr'><strong>fragmentis</strong></span> <span class='ocrx_word' id='word_1_467' title='bbox 1532 4414 1565 4481; x_wconf 90' lang='lat' dir='ltr'><strong>A</strong></span> <span class='ocrx_word' id='word_1_468' title='bbox 1578 4414 1651 4480; x_wconf 89' lang='lat' dir='ltr'><strong>etB</strong></span> <span class='ocrx_word' id='word_1_469' title='bbox 1665 4415 1891 4502; x_wconf 89' lang='lat' dir='ltr'><strong>antiquitatem</strong></span> 
     </span>
    </p>
   </div>
   <div class='ocr_carea' id='block_1_4' title="bbox 250 4539 1891 5140">
    <p class='ocr_par' dir='ltr' id='par_1_5' title="bbox 250 4539 1891 5140">
     <span class='ocr_line' id='line_1_33' title="bbox 253 4539 1891 4633; baseline -0.002 -23"><span class='ocrx_word' id='word_1_470' title='bbox 253 4545 377 4632; x_wconf 84' lang='lat' dir='ltr'><strong>prodit3</strong></span> <span class='ocrx_word' id='word_1_471' title='bbox 398 4544 529 4612; x_wconf 87' lang='lat' dir='ltr'><strong>videtur</strong></span> <span class='ocrx_word' id='word_1_472' title='bbox 549 4547 686 4633; x_wconf 89' lang='lat' dir='ltr'><strong>septimo</strong></span> <span class='ocrx_word' id='word_1_473' title='bbox 707 4545 836 4613; x_wconf 88' lang='lat' dir='ltr'><strong>saeculo</strong></span> <span class='ocrx_word' id='word_1_474' title='bbox 855 4545 1072 4612; x_wconf 88' lang='lat' dir='ltr'><strong>adscribenda</strong></span> <span class='ocrx_word' id='word_1_475' title='bbox 1090 4568 1177 4610; x_wconf 86' lang='lat' dir='ltr'><strong>esse:</strong></span> <span class='ocrx_word' id='word_1_476' title='bbox 1205 4566 1287 4632; x_wconf 88' lang='lat' dir='ltr'><strong>quac</strong></span> <span class='ocrx_word' id='word_1_477' title='bbox 1309 4545 1438 4631; x_wconf 89' lang='lat' dir='ltr'><strong>quidem</strong></span> <span class='ocrx_word' id='word_1_478' title='bbox 1458 4544 1566 4629; x_wconf 89' lang='lat' dir='ltr'><strong>opinio</strong></span> <span class='ocrx_word' id='word_1_479' title='bbox 1587 4543 1684 4608; x_wconf 83' lang='lat' dir='ltr'><strong>ctiam</strong></span> <span class='ocrx_word' id='word_1_480' title='bbox 1697 4539 1891 4629; x_wconf 84' lang='lat' dir='ltr'><strong>imperfecta</strong></span> 
     </span>
     <span class='ocr_line' id='line_1_34' title="bbox 253 4664 1888 4759; baseline -0.003 -22"><span class='ocrx_word' id='word_1_481' title='bbox 253 4673 423 4759; x_wconf 90' lang='lat' dir='ltr'><strong>spirituum</strong></span> <span class='ocrx_word' id='word_1_482' title='bbox 443 4682 476 4738; x_wconf 88' lang='lat' dir='ltr'><strong>et</strong></span> <span class='ocrx_word' id='word_1_483' title='bbox 494 4682 685 4738; x_wconf 89' lang='lat' dir='ltr'><strong>accentuum</strong></span> <span class='ocrx_word' id='word_1_484' title='bbox 704 4674 828 4738; x_wconf 86' lang='lat' dir='ltr'><strong>ratione</strong></span> <span class='ocrx_word' id='word_1_485' title='bbox 843 4674 1061 4738; x_wconf 89' lang='lat' dir='ltr'><strong>confirmatur.</strong></span> <span class='ocrx_word' id='word_1_486' title='bbox 1105 4672 1228 4737; x_wconf 88' lang='lat' dir='ltr'><strong>Textus</strong></span> <span class='ocrx_word' id='word_1_487' title='bbox 1244 4670 1287 4736; x_wconf 87' lang='lat' dir='ltr'><strong>ad</strong></span> <span class='ocrx_word' id='word_1_488' title='bbox 1302 4669 1383 4735; x_wconf 89' lang='lat' dir='ltr'><strong>duas</strong></span> <span class='ocrx_word' id='word_1_489' title='bbox 1398 4669 1547 4735; x_wconf 83' lang='lat' dir='ltr'><strong>homilias</strong></span> <span class='ocrx_word' id='word_1_490' title='bbox 1563 4667 1678 4734; x_wconf 91' lang='lat' dir='ltr'><strong>diebus</strong></span> <span class='ocrx_word' id='word_1_491' title='bbox 1691 4668 1784 4733; x_wconf 86' lang='lat' dir='ltr'><strong>festis</strong></span> <span class='ocrx_word' id='word_1_492' title='bbox 1798 4664 1888 4732; x_wconf 90' lang='lat' dir='ltr'><strong>habi·</strong></span> 
     </span>
     <span class='ocr_line' id='line_1_35' title="bbox 251 4794 1890 4888; baseline -0.002 -23"><span class='ocrx_word' id='word_1_493' title='bbox 251 4809 302 4865; x_wconf 85' lang='lat' dir='ltr'><strong>tas</strong></span> <span class='ocrx_word' id='word_1_494' title='bbox 322 4801 476 4888; x_wconf 87' lang='lat' dir='ltr'><strong>pertinet:</strong></span> <span class='ocrx_word' id='word_1_495' title='bbox 501 4822 584 4887; x_wconf 86' lang='lat' dir='ltr'><strong>quae</strong></span> <span class='ocrx_word' id='word_1_496' title='bbox 604 4801 731 4865; x_wconf 86' lang='lat' dir='ltr'><strong>etiamsi</strong></span> <span class='ocrx_word' id='word_1_497' title='bbox 749 4801 814 4866; x_wconf 88' lang='lat' dir='ltr'><strong>iam</strong></span> <span class='ocrx_word' id='word_1_498' title='bbox 829 4799 934 4866; x_wconf 86' lang='lat' dir='ltr'><strong>editas</strong></span> <span class='ocrx_word' id='word_1_499' title='bbox 950 4801 1084 4883; x_wconf 84' lang='lat' dir='ltr'><strong>fuerint,</strong></span> <span class='ocrx_word' id='word_1_500' title='bbox 1107 4798 1194 4886; x_wconf 92' lang='lat' dir='ltr'><strong>quod</strong></span> <span class='ocrx_word' id='word_1_501' title='bbox 1208 4821 1273 4863; x_wconf 92' lang='lat' dir='ltr'><strong>non</strong></span> <span class='ocrx_word' id='word_1_502' title='bbox 1288 4799 1367 4862; x_wconf 88' lang='lat' dir='ltr'><strong>satis</strong></span> <span class='ocrx_word' id='word_1_503' title='bbox 1384 4798 1466 4880; x_wconf 91' lang='lat' dir='ltr'><strong>scio,</strong></span> <span class='ocrx_word' id='word_1_504' title='bbox 1489 4805 1598 4862; x_wconf 84' lang='lat' dir='ltr'><strong>tamen</strong></span> <span class='ocrx_word' id='word_1_505' title='bbox 1611 4794 1693 4859; x_wconf 88' lang='lat' dir='ltr'><strong>haec</strong></span> <span class='ocrx_word' id='word_1_506' title='bbox 1706 4794 1890 4879; x_wconf 83' lang='lat' dir='ltr'><strong>fragmenta</strong></span> 
     </span>
     <span class='ocr_line' id='line_1_36' title="bbox 250 4918 1890 5015; baseline -0.004 -22"><span class='ocrx_word' id='word_1_507' title='bbox 250 4950 311 5015; x_wconf 89' lang='lat' dir='ltr'><strong>pro</strong></span> <span class='ocrx_word' id='word_1_508' title='bbox 332 4936 422 4993; x_wconf 81' lang='lat' dir='ltr'><strong>tanta</strong></span> <span class='ocrx_word' id='word_1_509' title='bbox 445 4928 644 5013; x_wconf 86' lang='lat' dir='ltr'><strong>antiquitatis</strong></span> <span class='ocrx_word' id='word_1_510' title='bbox 667 4924 763 4992; x_wconf 88' lang='lat' dir='ltr'><strong>laude</strong></span> <span class='ocrx_word' id='word_1_511' title='bbox 785 4926 885 5013; x_wconf 90' lang='lat' dir='ltr'><strong>digua</strong></span> <span class='ocrx_word' id='word_1_512' title='bbox 904 4928 1055 4993; x_wconf 84' lang='lat' dir='ltr'><strong>videntur</strong></span> <span class='ocrx_word' id='word_1_513' title='bbox 1079 4947 1161 5012; x_wconf 90' lang='lat' dir='ltr'><strong>quae</strong></span> <span class='ocrx_word' id='word_1_514' title='bbox 1180 4925 1275 5011; x_wconf 89' lang='lat' dir='ltr'><strong>plene</strong></span> <span class='ocrx_word' id='word_1_515' title='bbox 1293 4921 1575 4989; x_wconf 88' lang='lat' dir='ltr'><strong>transscribamus.</strong></span> <span class='ocrx_word' id='word_1_516' title='bbox 1617 4918 1691 4985; x_wconf 84' lang='lat' dir='ltr'><strong>Fol.</strong></span> <span class='ocrx_word' id='word_1_517' title='bbox 1711 4923 1745 4985; x_wconf 86' lang='lat'><strong>1:</strong></span> <span class='ocrx_word' id='word_1_518' title='bbox 1774 4931 1812 4987; x_wconf 81' lang='grc' dir='ltr'><strong>θε</strong></span> <span class='ocrx_word' id='word_1_519' title='bbox 1829 4947 1890 5007; x_wconf 91' lang='grc' dir='ltr'><strong>παρ</strong></span> 
     </span>
     <span class='ocr_line' id='line_1_37' title="bbox 252 5039 1890 5140; baseline -0.002 -21"><span class='ocrx_word' id='word_1_520' title='bbox 252 5060 344 5122; x_wconf 79' lang='grc' dir='ltr'><strong><em>αυτοῦ.</em></strong></span> <span class='ocrx_word' id='word_1_521' title='bbox 366 5060 428 5129; x_wconf 79' lang='grc' dir='ltr'><strong>πῶς</strong></span> <span class='ocrx_word' id='word_1_522' title='bbox 451 5049 511 5139; x_wconf 85' lang='lat' dir='ltr'><strong>(ita</strong></span> <span class='ocrx_word' id='word_1_523' title='bbox 528 5051 671 5140; x_wconf 86' lang='lat' dir='ltr'><strong>videtur)</strong></span> <span class='ocrx_word' id='word_1_524' title='bbox 694 5058 877 5121; x_wconf 74' lang='grc' dir='ltr'><strong><em>δεοδιλδακτσν</em></strong></span> <span class='ocrx_word' id='word_1_525' title='bbox 898 5054 1023 5140; x_wconf 83' lang='grc' dir='ltr'><strong><em>κνγρέσσει</em></strong></span> <span class='ocrx_word' id='word_1_526' title='bbox 1043 5054 1093 5139; x_wconf 82' lang='grc' dir='ltr'><strong>τήν</strong></span> <span class='ocrx_word' id='word_1_527' title='bbox 1115 5059 1172 5119; x_wconf 78' lang='grc' dir='ltr'><strong>τῶν</strong></span> <span class='ocrx_word' id='word_1_528' title='bbox 1191 5055 1293 5118; x_wconf 79' lang='grc' dir='ltr'><strong><em>τάττων</em></strong></span> <span class='ocrx_word' id='word_1_529' title='bbox 1314 5052 1389 5136; x_wconf 84' lang='grc' dir='ltr'><strong><em>ἐιμων</em></strong></span> <span class='ocrx_word' id='word_1_530' title='bbox 1411 5051 1492 5136; x_wconf 65' lang='lat' dir='ltr'><strong>aidis.</strong></span> <span class='ocrx_word' id='word_1_531' title='bbox 1513 5049 1553 5124; x_wconf 79' lang='grc' dir='ltr'><strong>ὡς</strong></span> <span class='ocrx_word' id='word_1_532' title='bbox 1573 5076 1621 5114; x_wconf 89' lang='grc' dir='ltr'><strong>και</strong></span> <span class='ocrx_word' id='word_1_533' title='bbox 1640 5047 1657 5116; x_wconf 86' lang='grc' dir='ltr'><strong>ὁ</strong></span> <span class='ocrx_word' id='word_1_534' title='bbox 1677 5048 1813 5134; x_wconf 80' lang='grc' dir='ltr'><strong><em>μακάριος</em></strong></span> <span class='ocrx_word' id='word_1_535' title='bbox 1835 5039 1890 5115; x_wconf 53' lang='lat' dir='ltr'><strong>ded</strong></span> 
     </span>
    </p>
   </div>
   <div class='ocr_carea' id='block_1_5' title="bbox 252 5176 1889 5349">
    <p class='ocr_par' dir='ltr' id='par_1_6' title="bbox 252 5176 1889 5349">
     <span class='ocr_line' id='line_1_38' title="bbox 252 5176 1889 5266; baseline -0.002 -20"><span class='ocrx_word' id='word_1_536' title='bbox 252 5181 432 5266; x_wconf 66' lang='grc' dir='ltr'><strong><em>προεκήρυξεν</em></strong></span> <span class='ocrx_word' id='word_1_537' title='bbox 454 5181 550 5265; x_wconf 73' lang='grc' dir='ltr'><strong><em>λόγων·</em></strong></span> <span class='ocrx_word' id='word_1_538' title='bbox 575 5208 605 5246; x_wconf 87' lang='grc' dir='ltr'><strong>εκ</strong></span> <span class='ocrx_word' id='word_1_539' title='bbox 626 5207 765 5265; x_wconf 77' lang='grc' dir='ltr'><strong><em>στοματος</em></strong></span> <span class='ocrx_word' id='word_1_540' title='bbox 785 5182 889 5266; x_wconf 82' lang='grc' dir='ltr'><strong><em>νιγπέιυν</em></strong></span> <span class='ocrx_word' id='word_1_541' title='bbox 912 5210 958 5246; x_wconf 89' lang='grc' dir='ltr'><strong>και</strong></span> <span class='ocrx_word' id='word_1_542' title='bbox 979 5181 1161 5265; x_wconf 77' lang='grc' dir='ltr'><strong><em>θηλαζόντων</em></strong></span> <span class='ocrx_word' id='word_1_543' title='bbox 1182 5180 1338 5263; x_wconf 77' lang='grc' dir='ltr'><strong><em>κατηρτίσω</em></strong></span> <span class='ocrx_word' id='word_1_544' title='bbox 1360 5179 1448 5245; x_wconf 72' lang='lat' dir='ltr'><strong>uiros·</strong></span> <span class='ocrx_word' id='word_1_545' title='bbox 1494 5178 1536 5242; x_wconf 90' lang='lat' dir='ltr'><strong>’H</strong></span> <span class='ocrx_word' id='word_1_546' title='bbox 1554 5179 1644 5245; x_wconf 79' lang='grc' dir='ltr'><strong><em>τοίνυν</em></strong></span> <span class='ocrx_word' id='word_1_547' title='bbox 1665 5176 1715 5262; x_wconf 79' lang='grc' dir='ltr'><strong>τήν</strong></span> <span class='ocrx_word' id='word_1_548' title='bbox 1735 5177 1889 5260; x_wconf 77' lang='grc' dir='ltr'><strong><em>οἰκειότητα</em></strong></span> 
     </span>
     <span class='ocr_line' id='line_1_39' title="bbox 1552 5293 1590 5349; baseline 0 -27"><span class='ocrx_word' id='word_1_549' title='bbox 1552 5293 1590 5349; x_wconf 62' lang='grc'><strong>50</strong></span> 
     </span>
    </p>
   </div>
   <div class='ocr_carea' id='block_1_6' title="bbox 0 0 2382 6194">
    <p class='ocr_par' dir='ltr' id='par_1_7' title="bbox 0 0 2382 6194">
     <span class='ocr_line' id='line_1_40' title="bbox 0 0 2382 6194; baseline 0 2"><span class='ocrx_word' id='word_1_550' title='bbox 0 0 2382 6194; x_wconf 95' lang='lat' dir='ltr'><strong> </strong></span> 
     </span>
    </p>
   </div>
  </div>
 </body>
</html>
