4756 6194
1813 388 1872 452 103

229 598 380 681 τεχθέντος
398 593 446 661 καί
464 602 514 679 τῆς
533 595 662 679 τεκοίσης
680 594 772 662 εἰκόνα
792 596 955 679 διαγράφας
973 592 1043 677 πρὸς
1062 593 1146 659 αι’ντδν
1165 591 1271 679 ἢγαγεν.
1298 595 1324 658 εἰ
1340 592 1369 658 δὲ
1386 594 1419 659 οδ
1438 593 1534 659 πάντα
1548 591 1623 658 κατὰ
1637 591 1687 676 την
1701 591 1872 677 εὐαγγελικίγν

230 727 354 808 ἱστορίαν
369 724 587 808 ἀναγέγραπται,
603 724 635 788 οὐ
649 722 763 795 πάντως
776 723 857 804 παρὰ
871 728 953 788 τοῦτο
967 720 1015 787 καὶ
1034 720 1149 787 ἄπιστα.
1176 720 1310 806 οὐδὲγὰρ
1328 720 1419 786 τᾶλλα
1438 732 1536 804 σημεῖα
1556 720 1575 785 οἳ
1594 721 1720 802 ε’ποίησεν
1738 718 1872 803 ὁΊη-σοῦς

231 853 399 934 ἀθετητίον,
414 852 505 916 πολλῶ
519 877 549 934 γε
563 849 632 917 ὄντα
647 850 686 923 ῶς
698 848 765 931 μηδὲ
778 861 877 934 γωρεῐν
890 851 939 916 τόν
953 850 1056 931 κόσμον
1070 850 1137 913 καθ’
1155 848 1184 913 ἓν
1197 850 1366 932 γραφόμενα.

1032 1120 1071 1183 V.

407 1264 589 1340 BREVIS
616 1264 685 1338 DE
712 1262 876 1338 LIBRIS
903 1262 1290 1339 PROPHETARUM
1316 1263 1696 1339 COMMENTATIO

269 1425 315 1472 Ex
333 1424 480 1471 CELEBRI
498 1422 624 1471 CODICE
643 1422 779 1469 VENETO
797 1420 998 1470 UNCIALIBL'S
1016 1421 1169 1468 LITTERIS
1183 1421 1307 1469 OCTAVI
1324 1422 1391 1467 VEL
1410 1422 1491 1469 NONI
1510 1422 1663 1470 SAECULO
1680 1421 1828 1470 SCRIPTO.

910 1586 964 1651 EN
982 1584 1045 1650 ΤΩ
1061 1583 1193 1650 ΑΜΩΣ.

335 1748 377 1808 Α.
398 1743 441 1808 ‘H
450 1742 521 1826 μετά
535 1743 632 1815 πόσας
646 1744 774 1816 παιδείας
789 1742 983 1826 ε’γκατάλειψις
996 1747 1045 1807 τοῦ
1056 1741 1167 1825 Ἰσραὴλ
1180 1742 1219 1815 είς
1232 1742 1265 1806 τὸ
1280 1742 1477 1807 ἐναντιοῦσθαι
1492 1746 1561 1820 θεῷ,
1576 1742 1648 1806 τοῦτ’
1666 1741 1738 1808 ἔστιν
1745 1749 1870 1825 Χριστῷ,

228 1871 299 1954 μετὰ
313 1874 391 1954 λιμὸν
405 1868 453 1935 καὶ
467 1871 661 1954 σπανομβρίαν
675 1867 723 1934 καλ
736 1870 834 1943 νόσους
848 1868 895 1934 καὶ
909 1872 1128 1954 καμποβρωσίαν
1142 1867 1189 1933 καλ
1203 1869 1321 1952 φθοράν
1334 1867 1571 1952 καὶὲοδομιτικην
1586 1869 1756 1952 ἀνατροπίν,
1772 1870 1812 1953 ἀφ’
1831 1871 1872 1945 οἷς

229 2000 278 2064 οδκ
300 1999 522 2081 ε’πεστράφησαν.
552 1998 670 2079 ἑπομένη
692 1995 722 2062 δὲ
743 2004 777 2079 τη
800 1997 956 2062 ἐναντιῶσει
978 2002 1084 2069 πτῶσις
1104 1996 1344 2079 ἀνεπανόρθωτος
1366 1994 1412 2060 καὶ
1434 1996 1531 2079 ὀλίγων
1556 1995 1713 2077 ιἰπόλειιοις,
1739 1996 1797 2063 ἀπό
1822 2004 1872 2063 τοῦ

228 2127 430 2210 Ἀπαγγειλατε
444 2123 486 2191 ότι
500 2130 591 2191 ταῦτα
609 2125 757 2208 ηγάπησαι·
777 2125 803 2189 οἱ
819 2123 872 2190 υίολ
885 2125 1008 2208 Ἰσραηλ,
1027 2125 1096 2207 λε’γει
1113 2125 1215 2207 κίρκος,
1236 2125 1287 2196 ἕως
1306 2129 1355 2189 τοῦ
1367 2123 1643 2206 ’Υπολειφθησονται
1662 2126 1728 2187 δίκα
1747 2129 1787 2204 τῷ
1806 2123 1872 2204 οίκφ

227 2254 343 2336 Ἰσραηλ.

335 2387 371 2445 B.
394 2381 554 2464 Πρόρρησις
568 2381 731 2462 ε’πικλυσμοῐι
745 2385 804 2463 γῆς·
820 2378 836 2444 ὃ
851 2377 898 2443 καί
912 2380 975 2463 ἑξῆς
990 2379 1214 2463 ε’παναλαμβάνει
1229 2377 1283 2460 πρό
1297 2383 1347 2444 τοῦ
1360 2379 1493 2459 τετάρτου
1504 2381 1665 2460 κεφαλαίου,
1682 2379 1740 2444 ἀπὸ
1751 2377 1869 2444 τοῦΚαί

228 2507 273 2573 ἐπὶ
287 2508 393 2581 τούτοις
407 2508 439 2573 οὐ
453 2507 667 2592 ταραγθιῇσεται
680 2506 697 2590 ίγ
712 2512 753 2591 γη,
770 2508 821 2579 ἕως
835 2511 884 2571 τοῦ
897 2506 948 2579 Ὡς
961 2512 1001 2587 τῷ
1016 2511 1135 2589 ποταμῶ
1149 2507 1305 2590 Αίγίιπτου.

335 2641 369 2698 Γ.
392 2635 560 2717 ἑκοτασμὸς
575 2636 604 2699 ίν
616 2636 769 2719 μεσημβρία
784 2631 832 2698 καί
845 2633 983 2719 μεταβολὴ
997 2634 1101 2716 ἑορτῶν
1114 2635 1152 2706 είς
1170 2635 1278 2706 πίνθος
1297 2630 1345 2697 καί
1360 2633 1507 2717 ἀφαίρεσις
1522 2634 1604 2717 λόγοιν
1623 2639 1706 2705 θεοῦ,
1730 2632 1749 2697 ἀ
1768 2637 1871 2717 γίνεται

229 2764 274 2827 διά
284 2762 417 2845 Χριστόν,
433 2763 492 2828 ἀπὸ
507 2767 556 2827 τοῦ
563 2760 625 2826 Καὶ
640 2764 718 2828 ἔσται
733 2763 762 2825 ἐν
776 2762 861 2844 ε’κείνη
876 2767 909 2844 τῇ
924 2761 1018 2845 ημίρηι,
1033 2762 1102 2844 λε’γει
1116 2759 1206 2843 κόριος
1220 2760 1235 2825 6
1250 2760 1328 2835 θεός,
1343 2762 1453 2826 δόοεται
1467 2760 1483 2826 6
1497 2757 1571 2843 ἥλιος
1586 2812 1644 2825 .....
1653 2760 1677 2846 ¹)
1692 2764 1869 2846 μεσημγλριας,

228 2891 280 2964 ἕως
296 2896 345 2955 τοῦ
361 2894 601 2973 Περιδραμοῐιιται
616 2893 758 2972 ζητοῖοτες
771 2889 820 2955 τὸν
834 2889 915 2973 λόγον
929 2890 1020 2971 κυρίου
1034 2885 1082 2952 καλ
1097 2889 1129 2954 οὐ
1141 2887 1177 2972 μὴ
1191 2885 1312 2970 εὕρωσιν.

336 3023 372 3080 Λ.
390 3016 521 3099 Ἔξαρσις
535 3022 662 3098 πονηρῶν
680 3019 816 3100 βασίλεων
834 3014 881 3081 καί
900 3015 1044 3097 ἀπόλειψις
1062 3021 1112 3080 τοῦ
1130 3013 1205 3080 οίκου
1217 3016 1328 3098 Ἰσραὴλ
1345 3016 1417 3099 μετὰ
1436 3017 1591 3097 σκεδασμὸν
1610 3016 1791 3100 παγκόσμιον,
1812 3017 1871 3082 ἀπὸ

230 3149 280 3209 τοῦ
293 3144 363 3209 Ἰδοὺ
378 3146 404 3208 οί
418 3142 564 3227 ὀφθαλμοί
578 3146 670 3227 κυρίου
683 3149 733 3209 τοῦ
750 3147 821 3209 θεοῦ
840 3140 884 3207 ε’πί
904 3142 953 3225 την
971 3145 1114 3228 βασιλείαν
1132 3146 1189 3207 τῶν
1208 3142 1395 3226 ἁμαρτωλῶν,
1419 3144 1470 3216 ἕως
1488 3149 1537 3208 τοῦ
1558 3141 1629 3209 Οίιδέ
1646 3143 1683 3228 μίγ
1701 3144 1807 3226 ε’πίλθη
1827 3145 1868 3226 ἐφ’

226 3271 300 3354 ἡμᾶς
312 3269 350 3336 ui
367 3272 451 3336 κακά.

334 3407 365 3462 Ε.
393 3399 563 3470 ’Λνιίστασις
581 3403 680 3481 σκηνῆς
699 3395 791 3463 Λαυίδ
808 3403 856 3480 της
874 3398 1011 3480 πεσούσης
1029 3395 1076 3462 καί
1095 3398 1261 3481 κατάσγεσις
1280 3405 1328 3481 γης
1348 3399 1441 3462 ε’θνῶν
1458 3396 1513 3463 imo*
1533 3403 1582 3463 τοῦ
1600 3398 1722 3480 Ἰσραηλ,
1743 3399 1801 3463 ἀπὸ
1821 3403 1870 3463 τοῦ

227 3527 272 3591 Ἑν
286 3533 320 3608 τη
333 3527 421 3609 ημίρᾳ
432 3526 517 3607 ε’κείνη
533 3526 683 3608 ἀναστήσω
697 3523 747 3608 τίγν
762 3524 862 3608 σκηνὴ-ν
877 3527 977 3599 Λαυίδ,
992 3526 1044 3597 ε’ως
1058 3530 1107 3591 τοῖι
1121 3526 1205 3609 Λίγει
1219 3525 1309 3608 κόριος
1323 3525 1339 3590 6
1353 3530 1440 3590 ποιῶν
1453 3531 1552 3590 ταυτα.

334 3656 367 3728 S.
394 3653 482 3725 Τελος
501 3657 581 3736 διπλη
599 3654 778 3735 καρποφορία
793 3657 841 3734 γης
860 3649 907 3715 καί
920 3651 1095 3733 κατοικισμός
1108 3657 1158 3715 τοιἸ
1170 3651 1280 3734 Ἰσραηλ
1295 3652 1322 3716 εἰ·
1336 3657 1370 3734 τη
1384 3658 1417 3736 γη
1433 3653 1525 3716 αὐτῶν
1540 3652 1738 3733 ἀμετακίνητος
1752 3649 1798 3714 καί
1813 3657 1870 3716 τῶν

226 3782 419 3863 ἠφανισμένων
442 3780 549 3845 πόλεων
571 3779 788 3862 ἀνοικοδόμησις·
814 3779 928 3843 ἀίσται
949 3777 994 3843 διὰ
1015 3785 1140 3861 Χριστοῦ
1160 3777 1287 3862 ἀστερον,
1310 3784 1356 3844 ιτίν
1377 3777 1407 3842 δὲ
1427 3782 1630 3861 πνευματικῶς·
1654 3777 1712 3843 ἀπὸ
1733 3783 1783 3842 τοί·
1800 3778 1870 3844 Ἰδοίι

227 3907 324 3990 ημίραι
338 3908 476 3991 ἔρχονται,
491 3909 559 3990 λε’γει
573 3907 675 3989 κίριος,
690 3903 737 3970 καί
751 3906 947 3988 καταλίψεται
961 3905 977 3971 6
992 3906 1128 3989 ἀροτριῶν
1142 3906 1191 3971 τὸν
1207 3908 1368 3989 θερίζοντα,
1384 3906 1436 3978 ἕως
1449 3911 1498 3970 τοῦ
1512 3907 1613 3979 τελους.

913 4123 967 4187 EN
985 4120 1047 4187 ΤΩ
1063 4120 1184 4188 ΙΩΗΛ.

333 4295 375 4355 Α.
396 4291 442 4354 Ἐν
455 4293 529 4372 με’σῳ
547 4295 605 4355 τῶν
625 4287 687 4372 περὶ
706 4289 817 4370 κάμπης
834 4285 882 4352 καλ
901 4287 1014 4369 ἀκρίδας
1034 4285 1082 4352 καὶ
1095 4289 1213 4372 βροόχου
1227 4285 1274 4351 καί
1289 4287 1412 4372 ε’ρισόβης
1424 4290 1556 4371 λε’γυσθαι
1570 4288 1723 4353 δοκούντων
1736 4297 1824 4352 κεῖται
1837 4289 1870 4354 τό

229 4418 281 4501 Μὴ
296 4423 352 4498 δῶς
366 4416 415 4499 τὴν
429 4420 610 4501 κληρονομίαν
625 4444 676 4482 σου
689 4417 728 4489 είς
742 4413 845 4486 ὄνειδος
858 4419 908 4479 τοῦ
922 4414 1063 4498 κατάρξαι
1076 4414 1170 4480 αὐτῶν
1184 4416 1262 4497 ἔθνη,
1277 4413 1325 4479 καὶ
1335 4415 1369 4481 τό
1380 4415 1513 4497 Ἐζὴλωσε
1529 4415 1618 4498 κόριος
1636 4414 1686 4499 τίγν
1704 4420 1753 4498 γῆν
1772 4416 1869 4481 αὐτοῦ’

229 4545 257 4607 εἰ·
272 4543 313 4617 οἷς
328 4547 461 4609 δείκνυται
477 4543 539 4628 περὶ
554 4545 667 4627 ἐχθρῶν
681 4543 696 4609 6
711 4542 791 4626 λόγος
805 4541 853 4616 ῶν,
868 4542 936 4605 καθ’
954 4537 993 4605 ῶν
1007 4539 1055 4606 καλ
1070 4546 1165 4623 ζηλοῦν
1179 4543 1286 4625 λέγεται
1301 4542 1316 4607 6
1331 4541 1402 4615 θεὸς
1413 4541 1482 4625 ὑπὲρ
1496 4549 1546 4608 τοῦ
1564 4543 1632 4608 ι’διου
1649 4547 1726 4607 λαοῦ.
1747 4541 1794 4607 καί
1811 4544 1867 4626 μετ’

226 4671 307 4754 ὀλίγα
326 4671 384 4736 Τόν
400 4671 458 4736 ἀπὸ
469 4677 557 4756 βορρᾶ
573 4669 693 4748 ε’κδιῶξω
709 4670 757 4752 ἀφ’
774 4668 858 4751 υμῶν,
874 4668 920 4734 καί
935 4669 998 4752 ἑξῆς
1017 4670 1125 4751 Θάρσει
1139 4674 1184 4754 γῆ,
1208 4681 1287 4753 χαῖρε
1302 4667 1349 4734 καί
1363 4670 1523 4752 είφραιίὀυ,
1544 4666 1586 4736 ότι
1604 4670 1763 4752 ε’μεγόλυνεν
1780 4671 1870 4753 κύριος

226 4803 275 4864 τοτ’·
293 4803 407 4880 ποιῆσαι
426 4796 543 4879 ὡσπερεί
558 4799 721 4880 θαυμασίου
735 4794 781 4861 καί
793 4797 904 4874 ἐνδόξου
917 4798 1068 4879 σωτηρίας,
1091 4794 1139 4861 καί
1153 4797 1186 4862 τὸ
1200 4799 1292 4880 μεῖζον
1311 4797 1358 4862 Τά
1372 4797 1455 4861 τίκνα
1469 4797 1558 4869 Σιῶν,
1576 4799 1685 4880 χαίρετε
1698 4795 1746 4861 καλ
1760 4797 1869 4879 εόφραί

229 4936 314 4990 νεσθε
338 4922 382 4989 ε’πί
404 4929 444 5003 τῶ
467 4929 529 5003 θεῷ
551 4923 640 5007 ὑμῶν,
663 4921 705 4990 ὅτι
725 4925 825 4987 ἔδωκεν
843 4923 905 5006 ὑμῖν
924 4923 972 4988 τὸν
989 4923 1201 4989 ίιποδεικιόοντα
1220 4923 1402 5006 δικαιοοίοην,
1426 4922 1458 4996 ὃς
1476 4925 1594 5006 ἐπιφόρει
1612 4923 1661 5006 τὴν
1679 4924 1708 5000 ἐξ
1727 4925 1870 5007 ἀκαρπίας

226 5054 436 5135 καρποφορίαν,
463 5049 510 5114 καί
534 5054 724 5135 πνευματικῶς
747 5050 892 5135 εὐεργετῶν
914 5051 989 5115 κατὰ
1010 5051 1059 5135 την
1082 5053 1120 5125 εἰς
1141 5051 1312 5134 δικιαοσόνην
1333 5050 1445 5134 όδηγίαν
1466 5050 1515 5134 τίη-ν
1536 5050 1567 5114 δι’
1590 5049 1701 5115 Ἡλεῶυ
1724 5047 1800 5135 (sic)
1822 5048 1868 5115 καί

330 5197 347 5257 ¹)
361 5191 424 5246 Hoc
438 5192 501 5245 loco
514 5200 572 5245 tres
585 5180 645 5247 s'ere
658 5191 771 5246 litterae
783 5206 882 5245 erasae
896 5198 970 5246 sunt.
