<?xml version="1.0" encoding="UTF-8"?>
<!DOCTYPE html PUBLIC "-//W3C//DTD XHTML 1.0 Transitional//EN"
    "http://www.w3.org/TR/xhtml1/DTD/xhtml1-transitional.dtd">
<html xmlns="http://www.w3.org/1999/xhtml" xml:lang="en" lang="en">
 <head>
  <title>
</title>
<meta http-equiv="Content-Type" content="text/html;charset=utf-8" />
  <meta name='ocr-system' content='tesseract 3.04.00' />
  <meta name='ocr-capabilities' content='ocr_page ocr_carea ocr_par ocr_line ocrx_word'/>
</head>
<body>
  <div class='ocr_page' id='page_1' title='image "anecdotasacraet00tiscgoog_0129.png"; bbox 0 0 4756 6194; ppageno 0'>
   <div class='ocr_carea' id='block_1_1' title="bbox 1185 584 1241 656">
    <p class='ocr_par' dir='ltr' id='par_1_1' title="bbox 1185 584 1241 656">
     <span class='ocr_line' id='line_1_1' title="bbox 1185 584 1241 656; baseline -0.036 0"><span class='ocrx_word' id='word_1_1' title='bbox 1185 584 1241 656; x_wconf 80' lang='lat' dir='ltr'><strong><em>Vi.</em></strong></span> 
     </span>
    </p>
   </div>
   <div class='ocr_carea' id='block_1_2' title="bbox 390 743 2037 1469">
    <p class='ocr_par' dir='ltr' id='par_1_2' title="bbox 390 743 2037 1469">
     <span class='ocr_line' id='line_1_2' title="bbox 498 743 2037 832; baseline 0.001 -22"><span class='ocrx_word' id='word_1_2' title='bbox 498 745 561 827; x_wconf 82' lang='lat' dir='ltr'><strong><em>Qui</em></strong></span> <span class='ocrx_word' id='word_1_3' title='bbox 584 747 668 810; x_wconf 91' lang='lat' dir='ltr'>inter</span> <span class='ocrx_word' id='word_1_4' title='bbox 688 744 902 832; x_wconf 86' lang='lat' dir='ltr'>Epiphanii</span> <span class='ocrx_word' id='word_1_5' title='bbox 923 767 1023 831; x_wconf 89' lang='lat' dir='ltr'>opera</span> <span class='ocrx_word' id='word_1_6' title='bbox 1042 743 1143 832; x_wconf 87' lang='lat' dir='ltr'>eaque</span> <span class='ocrx_word' id='word_1_7' title='bbox 1163 754 1335 831; x_wconf 80' lang='lat' dir='ltr'>suspectae</span> <span class='ocrx_word' id='word_1_8' title='bbox 1354 767 1420 808; x_wconf 91' lang='lat' dir='ltr'><strong><em>non</em></strong></span> <span class='ocrx_word' id='word_1_9' title='bbox 1439 744 1537 809; x_wconf 90' lang='lat' dir='ltr'>modo</span> <span class='ocrx_word' id='word_1_10' title='bbox 1557 743 1633 809; x_wconf 85' lang='lat' dir='ltr'>fidei</span> <span class='ocrx_word' id='word_1_11' title='bbox 1654 745 1713 809; x_wconf 88' lang='lat' dir='ltr'>sed</span> <span class='ocrx_word' id='word_1_12' title='bbox 1736 746 1833 811; x_wconf 91' lang='lat' dir='ltr'>etiam</span> <span class='ocrx_word' id='word_1_13' title='bbox 1857 747 1992 832; x_wconf 85' lang='lat' dir='ltr'>originis</span> <span class='ocrx_word' id='word_1_14' title='bbox 2016 771 2037 812; x_wconf 88' lang='lat' dir='ltr'>a</span> 
     </span>
     <span class='ocr_line' id='line_1_3' title="bbox 390 871 2035 959; baseline 0.001 -21"><span class='ocrx_word' id='word_1_15' title='bbox 390 875 527 940; x_wconf 89' lang='lat' dir='ltr'>Petavio</span> <span class='ocrx_word' id='word_1_16' title='bbox 543 874 648 939; x_wconf 88' lang='lat' dir='ltr'>editus</span> <span class='ocrx_word' id='word_1_17' title='bbox 665 881 715 937; x_wconf 88' lang='lat' dir='ltr'>est</span> <span class='ocrx_word' id='word_1_18' title='bbox 729 871 887 937; x_wconf 90' lang='lat' dir='ltr'>libellus</span> <span class='ocrx_word' id='word_1_19' title='bbox 909 872 954 936; x_wconf 88' lang='lat' dir='ltr'><strong><em>de</em></strong></span> <span class='ocrx_word' id='word_1_20' title='bbox 973 871 1248 959; x_wconf 88' lang='lat' dir='ltr'>prophetarum</span> <span class='ocrx_word' id='word_1_21' title='bbox 1267 873 1373 946; x_wconf 89' lang='lat' dir='ltr'>vitis,</span> <span class='ocrx_word' id='word_1_22' title='bbox 1393 872 1422 936; x_wconf 89' lang='lat' dir='ltr'>is</span> <span class='ocrx_word' id='word_1_23' title='bbox 1437 873 1471 936; x_wconf 93' lang='lat' dir='ltr'><strong><em>in</em></strong></span> <span class='ocrx_word' id='word_1_24' title='bbox 1486 871 1613 936; x_wconf 88' lang='lat' dir='ltr'>duobus</span> <span class='ocrx_word' id='word_1_25' title='bbox 1629 871 1796 937; x_wconf 82' lang='lat' dir='ltr'><strong>codicibus</strong></span> <span class='ocrx_word' id='word_1_26' title='bbox 1814 871 2035 956; x_wconf 84' lang='lat' dir='ltr'>Coislinianis,</span> 
     </span>
     <span class='ocr_line' id='line_1_4' title="bbox 392 997 2036 1088; baseline -0.001 -21"><span class='ocrx_word' id='word_1_27' title='bbox 392 1011 527 1088; x_wconf 88' lang='lat' dir='ltr'>utroque</span> <span class='ocrx_word' id='word_1_28' title='bbox 543 1001 681 1065; x_wconf 80' lang='lat' dir='ltr'>decimi</span> <span class='ocrx_word' id='word_1_29' title='bbox 696 1001 765 1065; x_wconf 84' lang='lat' dir='ltr'>fere</span> <span class='ocrx_word' id='word_1_30' title='bbox 781 999 911 1080; x_wconf 89' lang='lat' dir='ltr'>saeculi,</span> <span class='ocrx_word' id='word_1_31' title='bbox 927 1002 1076 1064; x_wconf 89' lang='lat' dir='ltr'>inventus</span> <span class='ocrx_word' id='word_1_32' title='bbox 1093 1008 1151 1063; x_wconf 91' lang='lat' dir='ltr'>est.</span> <span class='ocrx_word' id='word_1_33' title='bbox 1188 997 1281 1063; x_wconf 82' lang='lat' dir='ltr'>Alter</span> <span class='ocrx_word' id='word_1_34' title='bbox 1295 1021 1429 1064; x_wconf 89' lang='lat' dir='ltr'>numero</span> <span class='ocrx_word' id='word_1_35' title='bbox 1447 997 1554 1082; x_wconf 81' lang='lat' dir='ltr'>CXX,</span> <span class='ocrx_word' id='word_1_36' title='bbox 1570 998 1653 1065; x_wconf 85' lang='lat' dir='ltr'>alter</span> <span class='ocrx_word' id='word_1_37' title='bbox 1666 1022 1802 1064; x_wconf 85' lang='lat' dir='ltr'>numero</span> <span class='ocrx_word' id='word_1_38' title='bbox 1819 998 1999 1070; x_wconf 81' lang='lat' dir='ltr'>CCXXIV.</span> <span class='ocrx_word' id='word_1_39' title='bbox 2016 1024 2036 1066; x_wconf 88' lang='lat' dir='ltr'>a</span> 
     </span>
     <span class='ocr_line' id='line_1_5' title="bbox 390 1125 2035 1214; baseline 0.001 -22"><span class='ocrx_word' id='word_1_40' title='bbox 390 1127 642 1194; x_wconf 78' lang='lat' dir='ltr'>Montefelconic</span> <span class='ocrx_word' id='word_1_41' title='bbox 666 1130 821 1212; x_wconf 84' lang='lat' dir='ltr'>signatur.</span> <span class='ocrx_word' id='word_1_42' title='bbox 866 1126 930 1207; x_wconf 80' lang='lat' dir='ltr'><strong><em>Qui</em></strong></span> <span class='ocrx_word' id='word_1_43' title='bbox 950 1149 1048 1212; x_wconf 93' lang='lat' dir='ltr'>quum</span> <span class='ocrx_word' id='word_1_44' title='bbox 1068 1136 1100 1191; x_wconf 91' lang='lat' dir='ltr'><strong><em>et</em></strong></span> <span class='ocrx_word' id='word_1_45' title='bbox 1117 1129 1201 1192; x_wconf 90' lang='lat' dir='ltr'>inter</span> <span class='ocrx_word' id='word_1_46' title='bbox 1220 1149 1256 1191; x_wconf 92' lang='lat' dir='ltr'>se</span> <span class='ocrx_word' id='word_1_47' title='bbox 1278 1128 1439 1213; x_wconf 85' lang='lat' dir='ltr'>scriptura</span> <span class='ocrx_word' id='word_1_48' title='bbox 1457 1125 1553 1193; x_wconf 84' lang='lat' dir='ltr'>valde</span> <span class='ocrx_word' id='word_1_49' title='bbox 1573 1126 1760 1214; x_wconf 82' lang='lat' dir='ltr'>discrepent</span> <span class='ocrx_word' id='word_1_50' title='bbox 1778 1136 1811 1191; x_wconf 91' lang='lat' dir='ltr'><strong><em>et</em></strong></span> <span class='ocrx_word' id='word_1_51' title='bbox 1830 1127 1872 1192; x_wconf 91' lang='lat' dir='ltr'><strong><em>ab</em></strong></span> <span class='ocrx_word' id='word_1_52' title='bbox 1892 1127 2035 1193; x_wconf 89' lang='lat' dir='ltr'>editione</span> 
     </span>
     <span class='ocr_line' id='line_1_6' title="bbox 391 1252 2034 1341; baseline -0.001 -21"><span class='ocrx_word' id='word_1_53' title='bbox 391 1256 517 1321; x_wconf 89' lang='lat' dir='ltr'>Petavii</span> <span class='ocrx_word' id='word_1_54' title='bbox 531 1255 629 1339; x_wconf 85' lang='lat' dir='ltr'>longe</span> <span class='ocrx_word' id='word_1_55' title='bbox 644 1255 823 1336; x_wconf 78' lang='lat' dir='ltr'>discedant,</span> <span class='ocrx_word' id='word_1_56' title='bbox 839 1276 905 1318; x_wconf 89' lang='lat' dir='ltr'><strong><em>non</em></strong></span> <span class='ocrx_word' id='word_1_57' title='bbox 920 1252 979 1318; x_wconf 90' lang='lat' dir='ltr'>abs</span> <span class='ocrx_word' id='word_1_58' title='bbox 995 1275 1030 1318; x_wconf 87' lang='lat' dir='ltr'><strong><em>re</em></strong></span> <span class='ocrx_word' id='word_1_59' title='bbox 1046 1276 1119 1318; x_wconf 90' lang='lat' dir='ltr'>esse</span> <span class='ocrx_word' id='word_1_60' title='bbox 1134 1256 1241 1318; x_wconf 91' lang='lat' dir='ltr'>visum</span> <span class='ocrx_word' id='word_1_61' title='bbox 1256 1264 1307 1318; x_wconf 89' lang='lat' dir='ltr'>cst</span> <span class='ocrx_word' id='word_1_62' title='bbox 1321 1256 1488 1341; x_wconf 89' lang='lat' dir='ltr'>utriusque</span> <span class='ocrx_word' id='word_1_63' title='bbox 1501 1263 1625 1319; x_wconf 86' lang='lat' dir='ltr'>textum</span> <span class='ocrx_word' id='word_1_64' title='bbox 1639 1254 1736 1341; x_wconf 89' lang='lat' dir='ltr'>plene</span> <span class='ocrx_word' id='word_1_65' title='bbox 1751 1255 1858 1320; x_wconf 88' lang='lat' dir='ltr'>edere.</span> <span class='ocrx_word' id='word_1_66' title='bbox 1889 1253 2034 1320; x_wconf 85' lang='lat' dir='ltr'>Edemus</span> 
     </span>
     <span class='ocr_line' id='line_1_7' title="bbox 391 1380 2034 1469; baseline -0.001 -22"><span class='ocrx_word' id='word_1_67' title='bbox 391 1393 498 1448; x_wconf 88' lang='lat' dir='ltr'>autem</span> <span class='ocrx_word' id='word_1_68' title='bbox 512 1384 559 1446; x_wconf 85' lang='lat' dir='ltr'><strong><em>ita</em></strong></span> <span class='ocrx_word' id='word_1_69' title='bbox 574 1391 608 1446; x_wconf 91' lang='lat' dir='ltr'><strong><em>ut</em></strong></span> <span class='ocrx_word' id='word_1_70' title='bbox 623 1382 772 1446; x_wconf 90' lang='lat' dir='ltr'>codicum</span> <span class='ocrx_word' id='word_1_71' title='bbox 787 1383 982 1467; x_wconf 82' lang='lat' dir='ltr'>scripturam</span> <span class='ocrx_word' id='word_1_72' title='bbox 993 1382 1140 1467; x_wconf 85' lang='lat' dir='ltr'>quamvis</span> <span class='ocrx_word' id='word_1_73' title='bbox 1151 1382 1302 1445; x_wconf 84' lang='lat' dir='ltr'>vitiosam</span> <span class='ocrx_word' id='word_1_74' title='bbox 1314 1384 1454 1446; x_wconf 85' lang='lat' dir='ltr'>maxime</span> <span class='ocrx_word' id='word_1_75' title='bbox 1466 1383 1500 1444; x_wconf 91' lang='lat' dir='ltr'><strong><em>in</em></strong></span> <span class='ocrx_word' id='word_1_76' title='bbox 1511 1380 1696 1446; x_wconf 86' lang='lat' dir='ltr'>nominibus</span> <span class='ocrx_word' id='word_1_77' title='bbox 1707 1380 1846 1469; x_wconf 89' lang='lat' dir='ltr'>propriis</span> <span class='ocrx_word' id='word_1_78' title='bbox 1857 1380 2034 1447; x_wconf 84' lang='lat' dir='ltr'>lectoribus</span> 
     </span>
    </p>
   </div>
   <div class='ocr_carea' id='block_1_3' title="bbox 392 1509 777 1595">
    <p class='ocr_par' dir='ltr' id='par_1_3' title="bbox 392 1509 777 1595">
     <span class='ocr_line' id='line_1_8' title="bbox 392 1509 777 1595; baseline -0.01 -20"><span class='ocrx_word' id='word_1_79' title='bbox 392 1520 466 1575; x_wconf 90' lang='lat' dir='ltr'>ante</span> <span class='ocrx_word' id='word_1_80' title='bbox 482 1509 593 1574; x_wconf 88' lang='lat' dir='ltr'>oculos</span> <span class='ocrx_word' id='word_1_81' title='bbox 608 1531 777 1595; x_wconf 86' lang='lat' dir='ltr'>ponamus.</span> 
     </span>
    </p>
   </div>
   <div class='ocr_carea' id='block_1_4' title="bbox 657 1691 1769 1909">
    <p class='ocr_par' dir='ltr' id='par_1_4' title="bbox 657 1691 1769 1909">
     <span class='ocr_line' id='line_1_9' title="bbox 1092 1691 1336 1759; baseline 0 -1"><span class='ocrx_word' id='word_1_82' title='bbox 1092 1691 1336 1759; x_wconf 80' lang='grc' dir='ltr'>ΕΠΙΦΑΝΙΟΥ</span> 
     </span>
     <span class='ocr_line' id='line_1_10' title="bbox 657 1836 1769 1909; baseline 0.001 -11"><span class='ocrx_word' id='word_1_83' title='bbox 657 1846 732 1899; x_wconf 80' lang='lat' dir='ltr'><strong><em>num</em></strong></span> <span class='ocrx_word' id='word_1_84' title='bbox 751 1847 816 1900; x_wconf 83' lang='lat' dir='ltr'><strong><em>mu</em></strong></span> <span class='ocrx_word' id='word_1_85' title='bbox 834 1836 864 1900; x_wconf 64' lang='grc' dir='ltr'><strong><em>α</em></strong></span> <span class='ocrx_word' id='word_1_86' title='bbox 881 1845 1076 1900; x_wconf 79' lang='lat' dir='ltr'>procursu·</span> <span class='ocrx_word' id='word_1_87' title='bbox 1095 1846 1206 1899; x_wconf 81' lang='grc' dir='ltr'><strong><em>οοοεο·</em></strong></span> <span class='ocrx_word' id='word_1_88' title='bbox 1225 1846 1467 1900; x_wconf 75' lang='lat' dir='ltr'>rimaminor</span> <span class='ocrx_word' id='word_1_89' title='bbox 1486 1847 1769 1909; x_wconf 71' lang='lat' dir='ltr'>crassissimas</span> 
     </span>
    </p>
   </div>
   <div class='ocr_carea' id='block_1_5' title="bbox 389 1989 2039 3484">
    <p class='ocr_par' dir='ltr' id='par_1_5' title="bbox 391 1989 2036 2207">
     <span class='ocr_line' id='line_1_11' title="bbox 498 1989 2036 2077; baseline 0 -19"><span class='ocrx_word' id='word_1_90' title='bbox 498 1989 657 2076; x_wconf 75' lang='grc' dir='ltr'><strong><em>(Ἐνταῦθα</em></strong></span> <span class='ocrx_word' id='word_1_91' title='bbox 680 1993 890 2077; x_wconf 84' lang='grc' dir='ltr'><strong><em>ἀναχράφονταν</em></strong></span> <span class='ocrx_word' id='word_1_92' title='bbox 912 1993 948 2057; x_wconf 76' lang='lat' dir='ltr'>sd</span> <span class='ocrx_word' id='word_1_93' title='bbox 966 1992 1092 2074; x_wconf 84' lang='grc' dir='ltr'><strong><em>ὀνόματα</em></strong></span> <span class='ocrx_word' id='word_1_94' title='bbox 1110 1989 1157 2056; x_wconf 76' lang='grc' dir='ltr'><strong><em>καὶ</em></strong></span> <span class='ocrx_word' id='word_1_95' title='bbox 1178 1993 1209 2055; x_wconf 83' lang='grc' dir='ltr'><strong><em>αἱ</em></strong></span> <span class='ocrx_word' id='word_1_96' title='bbox 1226 1996 1403 2076; x_wconf 77' lang='grc' dir='ltr'><strong><em>προσηγορίαι</em></strong></span> <span class='ocrx_word' id='word_1_97' title='bbox 1422 1998 1478 2067; x_wconf 84' lang='grc' dir='ltr'><strong><em>τών</em></strong></span> <span class='ocrx_word' id='word_1_98' title='bbox 1497 1991 1583 2077; x_wconf 83' lang='grc' dir='ltr'><strong><em>ἀχίων</em></strong></span> <span class='ocrx_word' id='word_1_99' title='bbox 1602 1991 1648 2057; x_wconf 75' lang='grc' dir='ltr'><strong><em>καὶ</em></strong></span> <span class='ocrx_word' id='word_1_100' title='bbox 1669 1993 1786 2069; x_wconf 78' lang='grc' dir='ltr'><strong><em>ἐνδόξων</em></strong></span> <span class='ocrx_word' id='word_1_101' title='bbox 1804 1998 1965 2077; x_wconf 71' lang='grc' dir='ltr'><strong><em>προφητῶν,</em></strong></span> <span class='ocrx_word' id='word_1_102' title='bbox 1989 1992 2036 2058; x_wconf 75' lang='grc' dir='ltr'><strong><em>καί</em></strong></span> 
     </span>
     <span class='ocr_line' id='line_1_12' title="bbox 391 2116 1996 2207; baseline -0.001 -20"><span class='ocrx_word' id='word_1_103' title='bbox 391 2121 491 2196; x_wconf 81' lang='grc' dir='ltr'><strong><em>ὁποίοτς</em></strong></span> <span class='ocrx_word' id='word_1_104' title='bbox 504 2122 598 2204; x_wconf 82' lang='grc' dir='ltr'><strong><em>χώρας</em></strong></span> <span class='ocrx_word' id='word_1_105' title='bbox 611 2122 728 2193; x_wconf 82' lang='grc' dir='ltr'><strong><em>ἕκαστος</em></strong></span> <span class='ocrx_word' id='word_1_106' title='bbox 742 2119 834 2185; x_wconf 82' lang='grc' dir='ltr'><strong><em>αι’ντων</em></strong></span> <span class='ocrx_word' id='word_1_107' title='bbox 847 2118 964 2203; x_wconf 77' lang='grc' dir='ltr'><strong><em>ὑπάρχει</em></strong></span> <span class='ocrx_word' id='word_1_108' title='bbox 978 2116 1025 2183; x_wconf 71' lang='grc' dir='ltr'><strong><em>καὶ</em></strong></span> <span class='ocrx_word' id='word_1_109' title='bbox 1039 2118 1110 2183; x_wconf 84' lang='grc' dir='ltr'><strong><em>ὅπου</em></strong></span> <span class='ocrx_word' id='word_1_110' title='bbox 1125 2120 1280 2203; x_wconf 79' lang='grc' dir='ltr'><strong><em>ἐτελειώθη,</em></strong></span> <span class='ocrx_word' id='word_1_111' title='bbox 1296 2118 1343 2183; x_wconf 79' lang='grc' dir='ltr'><strong><em>καὶ</em></strong></span> <span class='ocrx_word' id='word_1_112' title='bbox 1358 2123 1432 2184; x_wconf 81' lang='grc' dir='ltr'><strong><em>ἔνθα</em></strong></span> <span class='ocrx_word' id='word_1_113' title='bbox 1447 2124 1585 2202; x_wconf 74' lang='grc' dir='ltr'><strong><em>κατετέθη</em></strong></span> <span class='ocrx_word' id='word_1_114' title='bbox 1600 2120 1637 2185; x_wconf 85' lang='grc' dir='ltr'><strong><em>τά</em></strong></span> <span class='ocrx_word' id='word_1_115' title='bbox 1652 2123 1728 2202; x_wconf 85' lang='grc' dir='ltr'><strong><em>τίμια</em></strong></span> <span class='ocrx_word' id='word_1_116' title='bbox 1742 2120 1835 2184; x_wconf 74' lang='grc' dir='ltr'><strong><em>αὐτων</em></strong></span> <span class='ocrx_word' id='word_1_117' title='bbox 1849 2118 1996 2207; x_wconf 65' lang='lat' dir='ltr'>irripere.)</span> 
     </span>
    </p>

    <p class='ocr_par' dir='ltr' id='par_1_6' title="bbox 390 2244 2038 2589">
     <span class='ocr_line' id='line_1_13' title="bbox 496 2244 2036 2333; baseline 0.001 -20"><span class='ocrx_word' id='word_1_118' title='bbox 496 2252 537 2314; x_wconf 83' lang='lat' dir='ltr'><strong><em>A.</em></strong></span> <span class='ocrx_word' id='word_1_119' title='bbox 557 2247 644 2313; x_wconf 81' lang='grc' dir='ltr'><strong><em>Ώσιέ</em></strong></span> <span class='ocrx_word' id='word_1_120' title='bbox 661 2248 720 2320; x_wconf 81' lang='grc' dir='ltr'><strong><em>αῶς</em></strong></span> <span class='ocrx_word' id='word_1_121' title='bbox 734 2244 813 2328; x_wconf 63' lang='lat' dir='ltr'><strong><em>Beni</em></strong></span> <span class='ocrx_word' id='word_1_122' title='bbox 832 2245 863 2330; x_wconf 78' lang='grc' dir='ltr'><strong><em>ἦν</em></strong></span> <span class='ocrx_word' id='word_1_123' title='bbox 884 2248 914 2311; x_wconf 86' lang='grc' dir='ltr'><strong><em>ἐκ</em></strong></span> <span class='ocrx_word' id='word_1_124' title='bbox 928 2246 1081 2329; x_wconf 83' lang='grc' dir='ltr'><strong><em>Βελεμάθ,</em></strong></span> <span class='ocrx_word' id='word_1_125' title='bbox 1103 2251 1190 2331; x_wconf 74' lang='grc' dir='ltr'><strong><em>φυλῆς</em></strong></span> <span class='ocrx_word' id='word_1_126' title='bbox 1206 2247 1333 2329; x_wconf 89' lang='grc' dir='ltr'><strong><em>Ἰσαχάρ,</em></strong></span> <span class='ocrx_word' id='word_1_127' title='bbox 1357 2245 1403 2311; x_wconf 74' lang='grc' dir='ltr'><strong><em>καί</em></strong></span> <span class='ocrx_word' id='word_1_128' title='bbox 1421 2249 1522 2313; x_wconf 77' lang='grc' dir='ltr'><strong><em>θανὼν</em></strong></span> <span class='ocrx_word' id='word_1_129' title='bbox 1541 2248 1630 2332; x_wconf 87' lang='grc' dir='ltr'><strong><em>ἐτάφη</em></strong></span> <span class='ocrx_word' id='word_1_130' title='bbox 1649 2251 1678 2312; x_wconf 89' lang='grc' dir='ltr'><strong><em>ἐν</em></strong></span> <span class='ocrx_word' id='word_1_131' title='bbox 1696 2252 1730 2329; x_wconf 74' lang='grc' dir='ltr'><strong><em>τῇ</em></strong></span> <span class='ocrx_word' id='word_1_132' title='bbox 1746 2252 1779 2331; x_wconf 79' lang='grc' dir='ltr'><strong><em>γη</em></strong></span> <span class='ocrx_word' id='word_1_133' title='bbox 1795 2248 1881 2313; x_wconf 75' lang='grc' dir='ltr'><strong><em>αι’ντοῖν</em></strong></span> <span class='ocrx_word' id='word_1_134' title='bbox 1895 2250 1924 2314; x_wconf 82' lang='grc' dir='ltr'><strong><em>ἐν</em></strong></span> <span class='ocrx_word' id='word_1_135' title='bbox 1937 2249 2036 2333; x_wconf 82' lang='grc' dir='ltr'><strong><em>είρήνη.</em></strong></span> 
     </span>
     <span class='ocr_line' id='line_1_14' title="bbox 390 2367 2038 2461; baseline -0.001 -19"><span class='ocrx_word' id='word_1_136' title='bbox 390 2374 435 2442; x_wconf 77' lang='grc' dir='ltr'><strong><em>καλ</em></strong></span> <span class='ocrx_word' id='word_1_137' title='bbox 455 2378 554 2441; x_wconf 77' lang='grc' dir='ltr'><strong><em>ἔδωκεν</em></strong></span> <span class='ocrx_word' id='word_1_138' title='bbox 573 2379 655 2458; x_wconf 91' lang='grc' dir='ltr'><strong><em>τέρας</em></strong></span> <span class='ocrx_word' id='word_1_139' title='bbox 673 2374 744 2458; x_wconf 75' lang='grc' dir='ltr'><strong><em>ἥξειν</em></strong></span> <span class='ocrx_word' id='word_1_140' title='bbox 763 2370 849 2459; x_wconf 85' lang='lat' dir='ltr'>(cod.</span> <span class='ocrx_word' id='word_1_141' title='bbox 866 2371 944 2458; x_wconf 82' lang='grc' dir='ltr'><strong><em>ήξαι)</em></strong></span> <span class='ocrx_word' id='word_1_142' title='bbox 959 2375 1008 2439; x_wconf 78' lang='grc' dir='ltr'><strong><em>τὸν</em></strong></span> <span class='ocrx_word' id='word_1_143' title='bbox 1022 2374 1112 2456; x_wconf 79' lang='grc' dir='ltr'><strong><em>κύριον</em></strong></span> <span class='ocrx_word' id='word_1_144' title='bbox 1127 2371 1171 2439; x_wconf 75' lang='grc' dir='ltr'><strong><em>ἐπὶ</em></strong></span> <span class='ocrx_word' id='word_1_145' title='bbox 1185 2379 1234 2457; x_wconf 77' lang='grc' dir='ltr'><strong><em>τῆς</em></strong></span> <span class='ocrx_word' id='word_1_146' title='bbox 1249 2379 1307 2458; x_wconf 80' lang='grc' dir='ltr'><strong><em>χής,</em></strong></span> <span class='ocrx_word' id='word_1_147' title='bbox 1330 2375 1390 2450; x_wconf 85' lang='grc' dir='ltr'><strong><em>ἐάν,</em></strong></span> <span class='ocrx_word' id='word_1_148' title='bbox 1413 2376 1508 2459; x_wconf 89' lang='grc' dir='ltr'><strong><em>φησίν,</em></strong></span> <span class='ocrx_word' id='word_1_149' title='bbox 1527 2373 1543 2457; x_wconf 82' lang='grc' dir='ltr'><strong><em>ἡ</em></strong></span> <span class='ocrx_word' id='word_1_150' title='bbox 1558 2375 1622 2458; x_wconf 76' lang='grc' dir='ltr'><strong><em>θρὺς</em></strong></span> <span class='ocrx_word' id='word_1_151' title='bbox 1636 2373 1654 2457; x_wconf 74' lang='lat' dir='ltr'><strong><em>r}</em></strong></span> <span class='ocrx_word' id='word_1_152' title='bbox 1668 2377 1697 2439; x_wconf 89' lang='grc' dir='ltr'><strong><em>ἐν</em></strong></span> <span class='ocrx_word' id='word_1_153' title='bbox 1711 2375 1809 2457; x_wconf 76' lang='grc' dir='ltr'><strong><em>Σιλὼμ</em></strong></span> <span class='ocrx_word' id='word_1_154' title='bbox 1821 2380 1942 2461; x_wconf 79' lang='grc' dir='ltr'><strong><em>μερισθῇ</em></strong></span> <span class='ocrx_word' id='word_1_155' title='bbox 1956 2378 1996 2450; x_wconf 85' lang='grc' dir='ltr'><strong><em>είς</em></strong></span> <span class='ocrx_word' id='word_1_156' title='bbox 2010 2367 2038 2461; x_wconf 56' lang='grc' dir='ltr'><em>ᾧ</em></span> 
     </span>
     <span class='ocr_line' id='line_1_15' title="bbox 391 2491 901 2589; baseline -0.008 -20"><span class='ocrx_word' id='word_1_157' title='bbox 391 2505 439 2589; x_wconf 81' lang='grc' dir='ltr'><strong><em>ἀφ’</em></strong></span> <span class='ocrx_word' id='word_1_158' title='bbox 456 2506 556 2585; x_wconf 78' lang='grc' dir='ltr'><strong><em>ἑαοτής</em></strong></span> <span class='ocrx_word' id='word_1_159' title='bbox 571 2500 617 2567; x_wconf 79' lang='grc' dir='ltr'><strong><em>καὶ</em></strong></span> <span class='ocrx_word' id='word_1_160' title='bbox 631 2505 761 2586; x_wconf 73' lang='grc' dir='ltr'><strong><em>γένωνται</em></strong></span> <span class='ocrx_word' id='word_1_161' title='bbox 775 2502 852 2584; x_wconf 78' lang='grc' dir='ltr'><strong><em>θράες</em></strong></span> <span class='ocrx_word' id='word_1_162' title='bbox 866 2491 901 2586; x_wconf 53' lang='grc' dir='ltr'><strong><em>ιθ.</em></strong></span> 
     </span>
    </p>

    <p class='ocr_par' dir='ltr' id='par_1_7' title="bbox 389 2623 2039 3095">
     <span class='ocr_line' id='line_1_16' title="bbox 497 2623 2036 2715; baseline 0 -21"><span class='ocrx_word' id='word_1_163' title='bbox 497 2627 578 2715; x_wconf 53' lang='grc' dir='ltr'><strong><em>(Ελ)</em></strong></span> <span class='ocrx_word' id='word_1_164' title='bbox 598 2631 706 2712; x_wconf 85' lang='grc' dir='ltr'><strong><em>Ὠσηέ·</em></strong></span> <span class='ocrx_word' id='word_1_165' title='bbox 730 2623 810 2702; x_wconf 79' lang='grc' dir='ltr'><strong><em>οὗτος</em></strong></span> <span class='ocrx_word' id='word_1_166' title='bbox 827 2627 860 2713; x_wconf 76' lang='grc' dir='ltr'><strong><em>ἢν</em></strong></span> <span class='ocrx_word' id='word_1_167' title='bbox 879 2632 909 2692; x_wconf 90' lang='grc' dir='ltr'><strong><em>ἐκ</em></strong></span> <span class='ocrx_word' id='word_1_168' title='bbox 924 2630 1086 2710; x_wconf 75' lang='grc' dir='ltr'><strong><em>Βαλεμώθ,</em></strong></span> <span class='ocrx_word' id='word_1_169' title='bbox 1108 2634 1157 2712; x_wconf 82' lang='grc' dir='ltr'><strong><em>τής</em></strong></span> <span class='ocrx_word' id='word_1_170' title='bbox 1171 2633 1258 2713; x_wconf 80' lang='grc' dir='ltr'><strong><em>φωλης</em></strong></span> <span class='ocrx_word' id='word_1_171' title='bbox 1271 2629 1395 2712; x_wconf 87' lang='grc' dir='ltr'><strong><em>Ἰσάχαρ,</em></strong></span> <span class='ocrx_word' id='word_1_172' title='bbox 1417 2627 1553 2702; x_wconf 78' lang='grc' dir='ltr'><strong><em>ὅςπολλὰ</em></strong></span> <span class='ocrx_word' id='word_1_173' title='bbox 1569 2628 1754 2713; x_wconf 82' lang='grc' dir='ltr'><strong><em>προεφήτευσε</em></strong></span> <span class='ocrx_word' id='word_1_174' title='bbox 1768 2629 1842 2694; x_wconf 81' lang='grc' dir='ltr'><strong><em>κατὰ</em></strong></span> <span class='ocrx_word' id='word_1_175' title='bbox 1857 2635 1906 2695; x_wconf 73' lang='grc' dir='ltr'><strong><em>τοο</em></strong></span> <span class='ocrx_word' id='word_1_176' title='bbox 1919 2631 2036 2714; x_wconf 87' lang='grc' dir='ltr'><strong><em>Ἰσραήλ,</em></strong></span> 
     </span>
     <span class='ocr_line' id='line_1_17' title="bbox 390 2753 2039 2842; baseline 0.001 -21"><span class='ocrx_word' id='word_1_177' title='bbox 390 2756 436 2822; x_wconf 72' lang='grc' dir='ltr'><strong><em>καί</em></strong></span> <span class='ocrx_word' id='word_1_178' title='bbox 456 2758 586 2822; x_wconf 88' lang='grc' dir='ltr'><strong><em>ἀπέθανε</em></strong></span> <span class='ocrx_word' id='word_1_179' title='bbox 605 2754 651 2821; x_wconf 78' lang='grc' dir='ltr'><strong><em>καλ</em></strong></span> <span class='ocrx_word' id='word_1_180' title='bbox 670 2757 759 2840; x_wconf 83' lang='grc' dir='ltr'><strong><em>ἐτάφη</em></strong></span> <span class='ocrx_word' id='word_1_181' title='bbox 779 2758 806 2820; x_wconf 88' lang='grc' dir='ltr'><strong><em>ἐν</em></strong></span> <span class='ocrx_word' id='word_1_182' title='bbox 826 2761 860 2838; x_wconf 78' lang='grc' dir='ltr'><strong><em>τη</em></strong></span> <span class='ocrx_word' id='word_1_183' title='bbox 881 2760 913 2839; x_wconf 82' lang='grc' dir='ltr'><strong><em>χη</em></strong></span> <span class='ocrx_word' id='word_1_184' title='bbox 935 2756 1020 2819; x_wconf 79' lang='grc' dir='ltr'><strong><em>αι’ντοῦ</em></strong></span> <span class='ocrx_word' id='word_1_185' title='bbox 1039 2759 1068 2820; x_wconf 88' lang='grc' dir='ltr'><strong><em>ἐν</em></strong></span> <span class='ocrx_word' id='word_1_186' title='bbox 1087 2754 1185 2837; x_wconf 87' lang='grc' dir='ltr'><strong><em>είρήνη.</em></strong></span> <span class='ocrx_word' id='word_1_187' title='bbox 1205 2753 1251 2819; x_wconf 74' lang='grc' dir='ltr'><strong><em>καὶ</em></strong></span> <span class='ocrx_word' id='word_1_188' title='bbox 1274 2756 1358 2820; x_wconf 77' lang='grc' dir='ltr'><strong><em>ἔδωκε</em></strong></span> <span class='ocrx_word' id='word_1_189' title='bbox 1377 2759 1459 2839; x_wconf 88' lang='grc' dir='ltr'><strong><em>τέρας</em></strong></span> <span class='ocrx_word' id='word_1_190' title='bbox 1477 2755 1550 2840; x_wconf 80' lang='grc' dir='ltr'><strong><em>ήξειν</em></strong></span> <span class='ocrx_word' id='word_1_191' title='bbox 1568 2757 1617 2822; x_wconf 78' lang='grc' dir='ltr'><strong><em>τὸν</em></strong></span> <span class='ocrx_word' id='word_1_192' title='bbox 1635 2756 1724 2840; x_wconf 76' lang='grc' dir='ltr'><strong><em>κύριον</em></strong></span> <span class='ocrx_word' id='word_1_193' title='bbox 1744 2753 1788 2820; x_wconf 72' lang='grc' dir='ltr'><strong><em>ἐπὶ</em></strong></span> <span class='ocrx_word' id='word_1_194' title='bbox 1808 2761 1857 2842; x_wconf 81' lang='grc' dir='ltr'><strong><em>χής</em></strong></span> <span class='ocrx_word' id='word_1_195' title='bbox 1875 2757 2039 2840; x_wconf 72' lang='grc' dir='ltr'><strong><em>ἀνθρώπως</em></strong></span> 
     </span>
     <span class='ocr_line' id='line_1_18' title="bbox 389 2879 2038 2968; baseline 0.002 -20"><span class='ocrx_word' id='word_1_196' title='bbox 389 2884 686 2968; x_wconf 81' lang='grc' dir='ltr'><strong><em>σνναναστρεφάμενον.</em></strong></span> <span class='ocrx_word' id='word_1_197' title='bbox 704 2882 751 2948; x_wconf 85' lang='grc' dir='ltr'><strong><em>ὅτε</em></strong></span> <span class='ocrx_word' id='word_1_198' title='bbox 769 2882 800 2948; x_wconf 73' lang='grc' dir='ltr'><strong><em>δέ</em></strong></span> <span class='ocrx_word' id='word_1_199' title='bbox 818 2883 867 2964; x_wconf 74' lang='grc' dir='ltr'><strong><em>θίνη</em></strong></span> <span class='ocrx_word' id='word_1_200' title='bbox 886 2881 902 2946; x_wconf 88' lang='lat' dir='ltr'>d</span> <span class='ocrx_word' id='word_1_201' title='bbox 922 2881 995 2966; x_wconf 85' lang='grc' dir='ltr'><strong><em>ἦλνος</em></strong></span> <span class='ocrx_word' id='word_1_202' title='bbox 1015 2881 1161 2965; x_wconf 75' lang='grc' dir='ltr'><strong><em>ἐνΣηλάνμ</em></strong></span> <span class='ocrx_word' id='word_1_203' title='bbox 1180 2879 1227 2946; x_wconf 77' lang='grc' dir='ltr'><strong><em>καλ</em></strong></span> <span class='ocrx_word' id='word_1_204' title='bbox 1246 2888 1365 2965; x_wconf 76' lang='grc' dir='ltr'><strong><em>μερισθῇ</em></strong></span> <span class='ocrx_word' id='word_1_205' title='bbox 1381 2882 1397 2967; x_wconf 77' lang='grc' dir='ltr'><strong><em>η</em></strong></span> <span class='ocrx_word' id='word_1_206' title='bbox 1412 2883 1477 2966; x_wconf 61' lang='lat' dir='ltr'>spic</span> <span class='ocrx_word' id='word_1_207' title='bbox 1491 2881 1508 2967; x_wconf 80' lang='grc' dir='ltr'><strong><em>ή</em></strong></span> <span class='ocrx_word' id='word_1_208' title='bbox 1522 2886 1552 2948; x_wconf 90' lang='grc' dir='ltr'><strong><em>ἐν</em></strong></span> <span class='ocrx_word' id='word_1_209' title='bbox 1566 2884 1683 2964; x_wconf 80' lang='grc' dir='ltr'><strong><em>Σιλωάμ</em></strong></span> <span class='ocrx_word' id='word_1_210' title='bbox 1699 2883 1746 2968; x_wconf 85' lang='grc' dir='ltr'><strong><em>ἀφ’</em></strong></span> <span class='ocrx_word' id='word_1_211' title='bbox 1763 2885 1864 2967; x_wconf 76' lang='grc' dir='ltr'><strong><em>ἑαυτῆς</em></strong></span> <span class='ocrx_word' id='word_1_212' title='bbox 1876 2886 1917 2959; x_wconf 84' lang='grc' dir='ltr'><strong><em>είς</em></strong></span> <span class='ocrx_word' id='word_1_213' title='bbox 1930 2885 2038 2951; x_wconf 67' lang='grc' dir='ltr'><strong><em>δώδεκα</em></strong></span> 
     </span>
     <span class='ocr_line' id='line_1_19' title="bbox 389 3006 920 3095; baseline 0.004 -3"><span class='ocrx_word' id='word_1_214' title='bbox 389 3015 467 3094; x_wconf 63' lang='grc' dir='ltr'><strong><em>νέον,</em></strong></span> <span class='ocrx_word' id='word_1_215' title='bbox 483 3011 684 3095; x_wconf 56' lang='lat' dir='ltr'><strong><em>aeacidem</em></strong></span> <span class='ocrx_word' id='word_1_216' title='bbox 699 3010 806 3074; x_wconf 62' lang='lat' dir='ltr'>tenxa</span> <span class='ocrx_word' id='word_1_217' title='bbox 821 3006 920 3094; x_wconf 70' lang='grc' dir='ltr'><strong><em>δάεν)</em></strong></span> 
     </span>
    </p>

    <p class='ocr_par' dir='ltr' id='par_1_8' title="bbox 391 3133 2038 3350">
     <span class='ocr_line' id='line_1_20' title="bbox 495 3133 2038 3223; baseline 0.002 -22"><span class='ocrx_word' id='word_1_218' title='bbox 495 3143 533 3202; x_wconf 88' lang='grc' dir='ltr'><strong><em>Β.</em></strong></span> <span class='ocrx_word' id='word_1_219' title='bbox 553 3139 662 3220; x_wconf 80' lang='grc' dir='ltr'><strong><em>Ἀμώς</em></strong></span> <span class='ocrx_word' id='word_1_220' title='bbox 677 3133 754 3222; x_wconf 86' lang='lat' dir='ltr'>(sic)</span> <span class='ocrx_word' id='word_1_221' title='bbox 769 3135 847 3222; x_wconf 82' lang='grc' dir='ltr'><strong><em>ἦνέκ</em></strong></span> <span class='ocrx_word' id='word_1_222' title='bbox 865 3139 977 3212; x_wconf 80' lang='grc' dir='ltr'><strong><em>Θεκοοέ,</em></strong></span> <span class='ocrx_word' id='word_1_223' title='bbox 992 3134 1039 3200; x_wconf 72' lang='grc' dir='ltr'><strong><em>καί</em></strong></span> <span class='ocrx_word' id='word_1_224' title='bbox 1055 3137 1179 3219; x_wconf 88' lang='grc' dir='ltr'><strong><em>ἀνηρέθη</em></strong></span> <span class='ocrx_word' id='word_1_225' title='bbox 1193 3136 1249 3202; x_wconf 88' lang='grc' dir='ltr'><strong><em>ιἰπὸ</em></strong></span> <span class='ocrx_word' id='word_1_226' title='bbox 1263 3143 1311 3202; x_wconf 80' lang='grc' dir='ltr'><strong><em>τοῦ</em></strong></span> <span class='ocrx_word' id='word_1_227' title='bbox 1322 3140 1381 3201; x_wconf 74' lang='lat' dir='ltr'>victi</span> <span class='ocrx_word' id='word_1_228' title='bbox 1394 3138 1543 3219; x_wconf 78' lang='grc' dir='ltr'><strong><em>’4μασίον,</em></strong></span> <span class='ocrx_word' id='word_1_229' title='bbox 1558 3137 1665 3220; x_wconf 85' lang='grc' dir='ltr'><strong><em>πλήξας</em></strong></span> <span class='ocrx_word' id='word_1_230' title='bbox 1680 3138 1765 3203; x_wconf 80' lang='grc' dir='ltr'><strong><em>αὐτὸν</em></strong></span> <span class='ocrx_word' id='word_1_231' title='bbox 1779 3141 1807 3202; x_wconf 85' lang='grc' dir='ltr'><strong><em>ἐν</em></strong></span> <span class='ocrx_word' id='word_1_232' title='bbox 1821 3141 1949 3223; x_wconf 84' lang='grc' dir='ltr'><strong><em>ῥομφαίᾳ</em></strong></span> <span class='ocrx_word' id='word_1_233' title='bbox 1963 3141 2038 3204; x_wconf 81' lang='grc' dir='ltr'><strong><em>κατὰ</em></strong></span> 
     </span>
     <span class='ocr_line' id='line_1_21' title="bbox 391 3261 1893 3350; baseline 0.001 -21"><span class='ocrx_word' id='word_1_234' title='bbox 391 3267 437 3330; x_wconf 85' lang='grc' dir='ltr'><strong><em>τὸν</em></strong></span> <span class='ocrx_word' id='word_1_235' title='bbox 452 3266 600 3349; x_wconf 73' lang='grc' dir='ltr'><strong><em>κρόταφον.</em></strong></span> <span class='ocrx_word' id='word_1_236' title='bbox 619 3261 666 3328; x_wconf 72' lang='grc' dir='ltr'><strong><em>καὶ.</em></strong></span> <span class='ocrx_word' id='word_1_237' title='bbox 681 3265 719 3328; x_wconf 81' lang='grc' dir='ltr'><strong><em>ἔτι</em></strong></span> <span class='ocrx_word' id='word_1_238' title='bbox 733 3266 855 3346; x_wconf 86' lang='grc' dir='ltr'><strong><em>ἐμπνέων</em></strong></span> <span class='ocrx_word' id='word_1_239' title='bbox 870 3262 957 3347; x_wconf 80' lang='grc' dir='ltr'><strong><em>ἦλθεν</em></strong></span> <span class='ocrx_word' id='word_1_240' title='bbox 971 3266 1011 3337; x_wconf 87' lang='grc' dir='ltr'><strong><em>είς</em></strong></span> <span class='ocrx_word' id='word_1_241' title='bbox 1024 3264 1073 3346; x_wconf 77' lang='grc' dir='ltr'><strong><em>τήν</em></strong></span> <span class='ocrx_word' id='word_1_242' title='bbox 1089 3268 1137 3347; x_wconf 81' lang='grc' dir='ltr'><strong><em>χήν</em></strong></span> <span class='ocrx_word' id='word_1_243' title='bbox 1151 3265 1246 3340; x_wconf 79' lang='grc' dir='ltr'><strong><em>αὐτοῦ,</em></strong></span> <span class='ocrx_word' id='word_1_244' title='bbox 1262 3262 1308 3329; x_wconf 75' lang='grc' dir='ltr'><strong><em>καὶ</em></strong></span> <span class='ocrx_word' id='word_1_245' title='bbox 1322 3266 1387 3346; x_wconf 81' lang='grc' dir='ltr'><strong><em>μεθ’</em></strong></span> <span class='ocrx_word' id='word_1_246' title='bbox 1404 3263 1507 3348; x_wconf 74' lang='grc' dir='ltr'><strong><em>ἡμέρας</em></strong></span> <span class='ocrx_word' id='word_1_247' title='bbox 1521 3292 1537 3349; x_wconf 83' lang='grc' dir='ltr'><strong><em>χ</em></strong></span> <span class='ocrx_word' id='word_1_248' title='bbox 1551 3265 1714 3349; x_wconf 69' lang='grc' dir='ltr'><strong><em>τελευτήσας</em></strong></span> <span class='ocrx_word' id='word_1_249' title='bbox 1727 3265 1817 3350; x_wconf 83' lang='grc' dir='ltr'><strong><em>ἐτάφη</em></strong></span> <span class='ocrx_word' id='word_1_250' title='bbox 1831 3268 1893 3330; x_wconf 86' lang='grc' dir='ltr'><strong><em>ἐκεῖ.</em></strong></span> 
     </span>
    </p>

    <p class='ocr_par' dir='ltr' id='par_1_9' title="bbox 497 3385 2039 3484">
     <span class='ocr_line' id='line_1_22' title="bbox 497 3385 2039 3484; baseline 0.001 -28"><span class='ocrx_word' id='word_1_251' title='bbox 497 3395 545 3484; x_wconf 81' lang='lat' dir='ltr'><strong><em>(S.</em></strong></span> <span class='ocrx_word' id='word_1_252' title='bbox 570 3392 679 3473; x_wconf 79' lang='grc' dir='ltr'><strong><em>Ἀμάνς</em></strong></span> <span class='ocrx_word' id='word_1_253' title='bbox 693 3385 726 3475; x_wconf 78' lang='grc' dir='ltr'><strong><em>ἦν</em></strong></span> <span class='ocrx_word' id='word_1_254' title='bbox 740 3393 770 3455; x_wconf 86' lang='grc' dir='ltr'><strong><em>ἐκ</em></strong></span> <span class='ocrx_word' id='word_1_255' title='bbox 788 3394 904 3466; x_wconf 84' lang='grc' dir='ltr'><strong><em>Θεκοοέ,</em></strong></span> <span class='ocrx_word' id='word_1_256' title='bbox 924 3387 970 3455; x_wconf 74' lang='grc' dir='ltr'><strong><em>καί</em></strong></span> <span class='ocrx_word' id='word_1_257' title='bbox 984 3392 1113 3472; x_wconf 78' lang='grc' dir='ltr'><strong><em>Ἀμεσίον</em></strong></span> <span class='ocrx_word' id='word_1_258' title='bbox 1129 3392 1214 3456; x_wconf 77' lang='grc' dir='ltr'><strong><em>αὐτὸν</em></strong></span> <span class='ocrx_word' id='word_1_259' title='bbox 1228 3397 1334 3474; x_wconf 76' lang='grc' dir='ltr'><strong><em>οτνχνκος</em></strong></span> <span class='ocrx_word' id='word_1_260' title='bbox 1348 3395 1582 3475; x_wconf 84' lang='grc' dir='ltr'><strong><em>τομπανάταντος,</em></strong></span> <span class='ocrx_word' id='word_1_261' title='bbox 1602 3394 1681 3466; x_wconf 67' lang='grc' dir='ltr'><strong><em>τέλος</em></strong></span> <span class='ocrx_word' id='word_1_262' title='bbox 1695 3393 1801 3457; x_wconf 66' lang='grc' dir='ltr'><strong><em>ἀνεῖλαν</em></strong></span> <span class='ocrx_word' id='word_1_263' title='bbox 1817 3392 1902 3457; x_wconf 79' lang='grc' dir='ltr'><strong><em>αι’ντὸν</em></strong></span> <span class='ocrx_word' id='word_1_264' title='bbox 1914 3391 2039 3474; x_wconf 79' lang='grc' dir='ltr'><strong><em>Ἀμάςὸ</em></strong></span> 
     </span>
    </p>
   </div>
   <div class='ocr_carea' id='block_1_6' title="bbox 389 3516 2039 3605">
    <p class='ocr_par' dir='ltr' id='par_1_10' title="bbox 389 3516 2039 3605">
     <span class='ocr_line' id='line_1_23' title="bbox 389 3516 2039 3605; baseline 0.01 -33"><span class='ocrx_word' id='word_1_265' title='bbox 389 3523 446 3595; x_wconf 69' lang='grc' dir='ltr'><strong><em>υῶς</em></strong></span> <span class='ocrx_word' id='word_1_266' title='bbox 461 3521 546 3585; x_wconf 57' lang='grc' dir='ltr'><strong><em>αὐτοῦ</em></strong></span> <span class='ocrx_word' id='word_1_267' title='bbox 560 3518 683 3605; x_wconf 74' lang='grc' dir='ltr'><strong><em>ῥοπάλῳ,</em></strong></span> <span class='ocrx_word' id='word_1_268' title='bbox 698 3518 805 3602; x_wconf 78' lang='grc' dir='ltr'><strong><em>πλήξας</em></strong></span> <span class='ocrx_word' id='word_1_269' title='bbox 820 3517 905 3583; x_wconf 81' lang='grc' dir='ltr'><strong><em>αι’ντοῦ</em></strong></span> <span class='ocrx_word' id='word_1_270' title='bbox 919 3519 967 3584; x_wconf 84' lang='grc' dir='ltr'><strong><em>τὸν</em></strong></span> <span class='ocrx_word' id='word_1_271' title='bbox 982 3518 1129 3602; x_wconf 75' lang='grc' dir='ltr'><strong><em>κρόταφον.</em></strong></span> <span class='ocrx_word' id='word_1_272' title='bbox 1144 3516 1191 3583; x_wconf 77' lang='grc' dir='ltr'><strong><em>καλ</em></strong></span> <span class='ocrx_word' id='word_1_273' title='bbox 1206 3521 1245 3583; x_wconf 81' lang='grc' dir='ltr'><strong><em>ἔτι</em></strong></span> <span class='ocrx_word' id='word_1_274' title='bbox 1259 3521 1382 3601; x_wconf 80' lang='grc' dir='ltr'><strong><em>ἐμπνάον</em></strong></span> <span class='ocrx_word' id='word_1_275' title='bbox 1396 3518 1482 3604; x_wconf 79' lang='grc' dir='ltr'><strong><em>ἦλθεν</em></strong></span> <span class='ocrx_word' id='word_1_276' title='bbox 1497 3522 1537 3593; x_wconf 88' lang='grc' dir='ltr'><strong><em>είς</em></strong></span> <span class='ocrx_word' id='word_1_277' title='bbox 1550 3521 1599 3604; x_wconf 82' lang='grc' dir='ltr'><strong><em>τήν</em></strong></span> <span class='ocrx_word' id='word_1_278' title='bbox 1614 3524 1665 3604; x_wconf 77' lang='grc' dir='ltr'><strong><em>χήν</em></strong></span> <span class='ocrx_word' id='word_1_279' title='bbox 1680 3519 1779 3595; x_wconf 82' lang='grc' dir='ltr'><strong><em>αιἰτοῦ,</em></strong></span> <span class='ocrx_word' id='word_1_280' title='bbox 1793 3516 1840 3583; x_wconf 78' lang='grc' dir='ltr'><strong><em>καὶ</em></strong></span> <span class='ocrx_word' id='word_1_281' title='bbox 1854 3520 1919 3601; x_wconf 82' lang='grc' dir='ltr'><strong><em>μεθ’</em></strong></span> <span class='ocrx_word' id='word_1_282' title='bbox 1936 3518 2039 3603; x_wconf 65' lang='grc' dir='ltr'><strong><em>ἡμερας</em></strong></span> 
     </span>
    </p>
   </div>
   <div class='ocr_carea' id='block_1_7' title="bbox 388 3643 2039 4878">
    <p class='ocr_par' dir='ltr' id='par_1_11' title="bbox 391 3643 847 3731">
     <span class='ocr_line' id='line_1_24' title="bbox 391 3643 847 3731; baseline -0.011 -17"><span class='ocrx_word' id='word_1_283' title='bbox 391 3650 438 3713; x_wconf 72' lang='grc' dir='ltr'><strong><em>δύο</em></strong></span> <span class='ocrx_word' id='word_1_284' title='bbox 452 3649 590 3724; x_wconf 71' lang='grc' dir='ltr'><strong><em>ἀπέθανε,</em></strong></span> <span class='ocrx_word' id='word_1_285' title='bbox 606 3644 653 3711; x_wconf 81' lang='grc' dir='ltr'><strong><em>καὶ</em></strong></span> <span class='ocrx_word' id='word_1_286' title='bbox 668 3646 757 3731; x_wconf 85' lang='grc' dir='ltr'><strong><em>ἐτάφη</em></strong></span> <span class='ocrx_word' id='word_1_287' title='bbox 771 3643 847 3728; x_wconf 88' lang='grc' dir='ltr'><strong><em>ἐκεῖ.)</em></strong></span> 
     </span>
    </p>

    <p class='ocr_par' dir='ltr' id='par_1_12' title="bbox 388 3771 2039 4114">
     <span class='ocr_line' id='line_1_25' title="bbox 497 3771 2039 3860; baseline -0.001 -21"><span class='ocrx_word' id='word_1_288' title='bbox 497 3782 531 3839; x_wconf 89' lang='grc' dir='ltr'><strong><em>Γ.</em></strong></span> <span class='ocrx_word' id='word_1_289' title='bbox 555 3776 707 3856; x_wconf 82' lang='grc' dir='ltr'><strong><em>Μιχαίας</em></strong></span> <span class='ocrx_word' id='word_1_290' title='bbox 721 3774 780 3847; x_wconf 86' lang='grc' dir='ltr'><strong><em>ινὶὸς</em></strong></span> <span class='ocrx_word' id='word_1_291' title='bbox 792 3774 923 3857; x_wconf 80' lang='grc' dir='ltr'><strong><em>Ἰεραμως</em></strong></span> <span class='ocrx_word' id='word_1_292' title='bbox 936 3771 953 3836; x_wconf 86' lang='grc' dir='ltr'>ὁ</span> <span class='ocrx_word' id='word_1_293' title='bbox 966 3775 1145 3856; x_wconf 87' lang='grc' dir='ltr'><strong><em>Μωραθίτης</em></strong></span> <span class='ocrx_word' id='word_1_294' title='bbox 1159 3777 1265 3858; x_wconf 84' lang='grc' dir='ltr'><strong><em>χέηονεν</em></strong></span> <span class='ocrx_word' id='word_1_295' title='bbox 1279 3777 1309 3838; x_wconf 89' lang='grc' dir='ltr'><strong><em>ἐκ</em></strong></span> <span class='ocrx_word' id='word_1_296' title='bbox 1323 3778 1410 3858; x_wconf 79' lang='grc' dir='ltr'><strong><em>φολης</em></strong></span> <span class='ocrx_word' id='word_1_297' title='bbox 1423 3775 1550 3858; x_wconf 79' lang='grc' dir='ltr'><strong><em>Ἑφραιμ,</em></strong></span> <span class='ocrx_word' id='word_1_298' title='bbox 1565 3771 1613 3838; x_wconf 80' lang='grc' dir='ltr'><strong><em>καὶ</em></strong></span> <span class='ocrx_word' id='word_1_299' title='bbox 1627 3775 1718 3839; x_wconf 83' lang='grc' dir='ltr'><strong><em>πολλὰ</em></strong></span> <span class='ocrx_word' id='word_1_300' title='bbox 1733 3772 1853 3855; x_wconf 87' lang='grc' dir='ltr'><strong><em>ποιήσας</em></strong></span> <span class='ocrx_word' id='word_1_301' title='bbox 1866 3778 1906 3853; x_wconf 75' lang='grc' dir='ltr'><strong><em>τῷ</em></strong></span> <span class='ocrx_word' id='word_1_302' title='bbox 1916 3773 2039 3860; x_wconf 76' lang='grc' dir='ltr'><strong><em>Ἀχαάβ,</em></strong></span> 
     </span>
     <span class='ocr_line' id='line_1_26' title="bbox 388 3896 2039 3986; baseline -0.001 -19"><span class='ocrx_word' id='word_1_303' title='bbox 388 3901 444 3968; x_wconf 72' lang='grc' dir='ltr'><strong><em>ὑπὸ</em></strong></span> <span class='ocrx_word' id='word_1_304' title='bbox 456 3902 558 3985; x_wconf 79' lang='grc' dir='ltr'><strong><em>Ἰωρὰμ</em></strong></span> <span class='ocrx_word' id='word_1_305' title='bbox 571 3906 620 3966; x_wconf 82' lang='grc' dir='ltr'><strong><em>τοῦ</em></strong></span> <span class='ocrx_word' id='word_1_306' title='bbox 634 3903 693 3966; x_wconf 81' lang='grc' dir='ltr'><strong><em>οἱοῦ</em></strong></span> <span class='ocrx_word' id='word_1_307' title='bbox 708 3901 794 3965; x_wconf 71' lang='grc' dir='ltr'><strong><em>αι’ντοῖν</em></strong></span> <span class='ocrx_word' id='word_1_308' title='bbox 810 3901 934 3984; x_wconf 88' lang='grc' dir='ltr'><strong><em>ἀνηρέθη</em></strong></span> <span class='ocrx_word' id='word_1_309' title='bbox 948 3904 1069 3984; x_wconf 72' lang='grc' dir='ltr'><strong><em>κρημνῷ,</em></strong></span> <span class='ocrx_word' id='word_1_310' title='bbox 1088 3899 1130 3965; x_wconf 86' lang='grc' dir='ltr'><strong><em>ὅτι</em></strong></span> <span class='ocrx_word' id='word_1_311' title='bbox 1144 3900 1253 3986; x_wconf 81' lang='grc' dir='ltr'><strong><em>ἦλεηχεν</em></strong></span> <span class='ocrx_word' id='word_1_312' title='bbox 1268 3901 1352 3966; x_wconf 81' lang='grc' dir='ltr'><strong><em>αὐτὸν</em></strong></span> <span class='ocrx_word' id='word_1_313' title='bbox 1368 3899 1411 3966; x_wconf 74' lang='grc' dir='ltr'><strong><em>ἐπὶ</em></strong></span> <span class='ocrx_word' id='word_1_314' title='bbox 1426 3912 1489 3974; x_wconf 82' lang='grc' dir='ltr'><strong><em>ταῖς</em></strong></span> <span class='ocrx_word' id='word_1_315' title='bbox 1504 3902 1642 3986; x_wconf 82' lang='grc' dir='ltr'><strong><em>ἀσεβείαις</em></strong></span> <span class='ocrx_word' id='word_1_316' title='bbox 1656 3906 1711 3965; x_wconf 76' lang='grc' dir='ltr'><strong><em>τῶν</em></strong></span> <span class='ocrx_word' id='word_1_317' title='bbox 1725 3903 1854 3984; x_wconf 75' lang='grc' dir='ltr'><strong><em>πατέρων</em></strong></span> <span class='ocrx_word' id='word_1_318' title='bbox 1873 3901 1970 3965; x_wconf 69' lang='grc' dir='ltr'><strong><em>αὐτοῦ·</em></strong></span> <span class='ocrx_word' id='word_1_319' title='bbox 1991 3896 2039 3965; x_wconf 78' lang='grc' dir='ltr'><strong><em>καλ</em></strong></span> 
     </span>
     <span class='ocr_line' id='line_1_27' title="bbox 390 4028 730 4114; baseline -0.006 -20"><span class='ocrx_word' id='word_1_320' title='bbox 390 4031 479 4114; x_wconf 82' lang='grc' dir='ltr'><strong><em>ἐτάφη</em></strong></span> <span class='ocrx_word' id='word_1_321' title='bbox 495 4032 523 4094; x_wconf 82' lang='grc' dir='ltr'><strong><em>ἐν</em></strong></span> <span class='ocrx_word' id='word_1_322' title='bbox 538 4033 572 4111; x_wconf 78' lang='grc' dir='ltr'><strong><em>τή</em></strong></span> <span class='ocrx_word' id='word_1_323' title='bbox 588 4034 621 4113; x_wconf 57' lang='lat' dir='ltr'><strong><em>ys}</em></strong></span> <span class='ocrx_word' id='word_1_324' title='bbox 636 4028 730 4092; x_wconf 76' lang='grc' dir='ltr'><strong><em>αὐτοῦ.</em></strong></span> 
     </span>
    </p>

    <p class='ocr_par' dir='ltr' id='par_1_13' title="bbox 388 4151 2039 4494">
     <span class='ocr_line' id='line_1_28' title="bbox 498 4151 2039 4241; baseline 0 -21"><span class='ocrx_word' id='word_1_325' title='bbox 498 4153 537 4241; x_wconf 83' lang='grc' dir='ltr'><strong><em>(Ι.</em></strong></span> <span class='ocrx_word' id='word_1_326' title='bbox 562 4158 716 4239; x_wconf 87' lang='grc' dir='ltr'><strong><em>Μιχαίας</em></strong></span> <span class='ocrx_word' id='word_1_327' title='bbox 729 4153 761 4240; x_wconf 77' lang='grc' dir='ltr'><strong><em>ἦν</em></strong></span> <span class='ocrx_word' id='word_1_328' title='bbox 776 4155 835 4221; x_wconf 87' lang='grc' dir='ltr'><strong><em>ἀπὸ</em></strong></span> <span class='ocrx_word' id='word_1_329' title='bbox 851 4153 973 4239; x_wconf 81' lang='grc' dir='ltr'><strong><em>Μοραθὶ</em></strong></span> <span class='ocrx_word' id='word_1_330' title='bbox 988 4157 1018 4220; x_wconf 85' lang='grc' dir='ltr'><strong><em>ἐκ</em></strong></span> <span class='ocrx_word' id='word_1_331' title='bbox 1032 4159 1119 4239; x_wconf 76' lang='grc' dir='ltr'><strong><em>φυλῆς</em></strong></span> <span class='ocrx_word' id='word_1_332' title='bbox 1131 4157 1258 4240; x_wconf 85' lang='grc' dir='ltr'><strong><em>Ἐφραίμ.</em></strong></span> <span class='ocrx_word' id='word_1_333' title='bbox 1272 4151 1354 4228; x_wconf 80' lang='grc' dir='ltr'><strong><em>οὗτος</em></strong></span> <span class='ocrx_word' id='word_1_334' title='bbox 1367 4156 1458 4220; x_wconf 79' lang='grc' dir='ltr'><strong><em>πολλὰ</em></strong></span> <span class='ocrx_word' id='word_1_335' title='bbox 1472 4154 1590 4239; x_wconf 80' lang='grc' dir='ltr'><strong><em>πονήσας</em></strong></span> <span class='ocrx_word' id='word_1_336' title='bbox 1604 4160 1646 4236; x_wconf 71' lang='grc' dir='ltr'><strong><em>τῷ</em></strong></span> <span class='ocrx_word' id='word_1_337' title='bbox 1657 4155 1783 4239; x_wconf 79' lang='grc' dir='ltr'><strong><em>Ἀχιτάβ,</em></strong></span> <span class='ocrx_word' id='word_1_338' title='bbox 1802 4153 1858 4221; x_wconf 76' lang='grc' dir='ltr'><strong><em>ὑπὸ</em></strong></span> <span class='ocrx_word' id='word_1_339' title='bbox 1871 4155 1973 4239; x_wconf 80' lang='grc' dir='ltr'><strong><em>Ἰωρὰμ</em></strong></span> <span class='ocrx_word' id='word_1_340' title='bbox 1989 4160 2039 4220; x_wconf 80' lang='grc' dir='ltr'><strong><em>τοῦ</em></strong></span> 
     </span>
     <span class='ocr_line' id='line_1_29' title="bbox 388 4278 2038 4368; baseline -0.002 -17"><span class='ocrx_word' id='word_1_341' title='bbox 388 4288 447 4351; x_wconf 76' lang='grc' dir='ltr'><strong><em>οἱοῦ</em></strong></span> <span class='ocrx_word' id='word_1_342' title='bbox 467 4285 552 4350; x_wconf 77' lang='grc' dir='ltr'><strong><em>αι’ποῦ</em></strong></span> <span class='ocrx_word' id='word_1_343' title='bbox 567 4284 691 4367; x_wconf 75' lang='grc' dir='ltr'><strong><em>ἀνῃρέθη</em></strong></span> <span class='ocrx_word' id='word_1_344' title='bbox 706 4286 814 4366; x_wconf 74' lang='grc' dir='ltr'><strong><em>κρημνῷ</em></strong></span> <span class='ocrx_word' id='word_1_345' title='bbox 827 4285 927 4368; x_wconf 82' lang='grc' dir='ltr'><strong><em>ῥιφείς,</em></strong></span> <span class='ocrx_word' id='word_1_346' title='bbox 948 4282 990 4347; x_wconf 87' lang='grc' dir='ltr'><strong><em>ὅτι</em></strong></span> <span class='ocrx_word' id='word_1_347' title='bbox 1009 4282 1119 4368; x_wconf 74' lang='grc' dir='ltr'><strong><em>η’λεχχεν</em></strong></span> <span class='ocrx_word' id='word_1_348' title='bbox 1139 4283 1224 4348; x_wconf 79' lang='grc' dir='ltr'><strong><em>αὐτὸν</em></strong></span> <span class='ocrx_word' id='word_1_349' title='bbox 1243 4284 1284 4348; x_wconf 87' lang='grc' dir='ltr'><strong><em>ἐπ’</em></strong></span> <span class='ocrx_word' id='word_1_350' title='bbox 1307 4283 1445 4367; x_wconf 82' lang='grc' dir='ltr'><strong><em>ἀσεβείαις</em></strong></span> <span class='ocrx_word' id='word_1_351' title='bbox 1464 4284 1593 4366; x_wconf 76' lang='grc' dir='ltr'><strong><em>πατέρων</em></strong></span> <span class='ocrx_word' id='word_1_352' title='bbox 1612 4283 1705 4346; x_wconf 77' lang='grc' dir='ltr'><strong><em>αι’ντοῑν·</em></strong></span> <span class='ocrx_word' id='word_1_353' title='bbox 1729 4278 1776 4346; x_wconf 79' lang='grc' dir='ltr'><strong><em>καὶ</em></strong></span> <span class='ocrx_word' id='word_1_354' title='bbox 1795 4282 1884 4366; x_wconf 90' lang='grc' dir='ltr'><strong><em>ἐτάφη</em></strong></span> <span class='ocrx_word' id='word_1_355' title='bbox 1902 4285 1932 4348; x_wconf 83' lang='grc' dir='ltr'><strong><em>ἐν</em></strong></span> <span class='ocrx_word' id='word_1_356' title='bbox 1951 4288 1985 4365; x_wconf 80' lang='grc' dir='ltr'><strong><em>τη</em></strong></span> <span class='ocrx_word' id='word_1_357' title='bbox 2005 4287 2038 4367; x_wconf 83' lang='grc' dir='ltr'><strong><em>χη”</em></strong></span> 
     </span>
     <span class='ocr_line' id='line_1_30' title="bbox 390 4405 1493 4494; baseline -0.005 -16"><span class='ocrx_word' id='word_1_358' title='bbox 390 4414 476 4478; x_wconf 75' lang='grc' dir='ltr'><strong><em>αὐτοῦ</em></strong></span> <span class='ocrx_word' id='word_1_359' title='bbox 490 4413 585 4494; x_wconf 84' lang='grc' dir='ltr'><strong><em>μίνος,</em></strong></span> <span class='ocrx_word' id='word_1_360' title='bbox 600 4410 727 4494; x_wconf 70' lang='grc' dir='ltr'><strong><em>σύνεγγυς</em></strong></span> <span class='ocrx_word' id='word_1_361' title='bbox 741 4414 790 4474; x_wconf 79' lang='grc' dir='ltr'><strong><em>τοῦ</em></strong></span> <span class='ocrx_word' id='word_1_362' title='bbox 804 4411 986 4491; x_wconf 77' lang='grc' dir='ltr'><strong><em>πολυανδρίου</em></strong></span> <span class='ocrx_word' id='word_1_363' title='bbox 998 4411 1146 4493; x_wconf 75' lang='grc' dir='ltr'><strong><em>Ἐνμαχειμ</em></strong></span> <span class='ocrx_word' id='word_1_364' title='bbox 1161 4405 1258 4494; x_wconf 89' lang='lat' dir='ltr'>(corr.</span> <span class='ocrx_word' id='word_1_365' title='bbox 1275 4418 1326 4474; x_wconf 90' lang='lat' dir='ltr'>est</span> <span class='ocrx_word' id='word_1_366' title='bbox 1339 4411 1429 4492; x_wconf 61' lang='grc' dir='ltr'><strong><em>-χίμλλ</em></strong></span> <span class='ocrx_word' id='word_1_367' title='bbox 1490 4416 1493 4422; x_wconf 85' lang='grc'><strong>’</strong></span> 
     </span>
    </p>

    <p class='ocr_par' dir='ltr' id='par_1_14' title="bbox 495 4533 1999 4622">
     <span class='ocr_line' id='line_1_31' title="bbox 495 4533 1999 4622; baseline -0.001 -20"><span class='ocrx_word' id='word_1_368' title='bbox 495 4545 531 4603; x_wconf 88' lang='grc' dir='ltr'><strong><em>Λ.</em></strong></span> <span class='ocrx_word' id='word_1_369' title='bbox 552 4538 643 4622; x_wconf 79' lang='grc' dir='ltr'><strong><em>Ἰωήλ</em></strong></span> <span class='ocrx_word' id='word_1_370' title='bbox 657 4538 714 4610; x_wconf 83' lang='grc' dir='ltr'><strong><em>υἱὸς</em></strong></span> <span class='ocrx_word' id='word_1_371' title='bbox 728 4536 869 4621; x_wconf 79' lang='grc' dir='ltr'><strong><em>Βαθονὴλ</em></strong></span> <span class='ocrx_word' id='word_1_372' title='bbox 882 4534 915 4622; x_wconf 73' lang='grc' dir='ltr'><strong><em>ἦν</em></strong></span> <span class='ocrx_word' id='word_1_373' title='bbox 930 4540 960 4602; x_wconf 87' lang='grc' dir='ltr'><strong><em>ἐκ</em></strong></span> <span class='ocrx_word' id='word_1_374' title='bbox 974 4542 1060 4621; x_wconf 80' lang='grc' dir='ltr'><strong><em>φνλής</em></strong></span> <span class='ocrx_word' id='word_1_375' title='bbox 1072 4534 1183 4622; x_wconf 74' lang='grc' dir='ltr'><strong><em>Ῥοινβλμ</em></strong></span> <span class='ocrx_word' id='word_1_376' title='bbox 1196 4539 1227 4613; x_wconf 81' lang='grc' dir='ltr'><strong><em>ἐξ</em></strong></span> <span class='ocrx_word' id='word_1_377' title='bbox 1241 4538 1326 4621; x_wconf 75' lang='grc' dir='ltr'><strong><em>ἀγροῦ</em></strong></span> <span class='ocrx_word' id='word_1_378' title='bbox 1345 4541 1489 4620; x_wconf 76' lang='grc' dir='ltr'><strong><em>Θεβορων·</em></strong></span> <span class='ocrx_word' id='word_1_379' title='bbox 1509 4533 1556 4600; x_wconf 75' lang='grc' dir='ltr'><strong><em>καὶ</em></strong></span> <span class='ocrx_word' id='word_1_380' title='bbox 1571 4537 1671 4601; x_wconf 79' lang='grc' dir='ltr'><strong><em>θανὼν</em></strong></span> <span class='ocrx_word' id='word_1_381' title='bbox 1686 4539 1714 4601; x_wconf 89' lang='grc' dir='ltr'><strong><em>ἐν</em></strong></span> <span class='ocrx_word' id='word_1_382' title='bbox 1728 4535 1820 4621; x_wconf 79' lang='grc' dir='ltr'><strong><em>εἰρήνη</em></strong></span> <span class='ocrx_word' id='word_1_383' title='bbox 1833 4536 1923 4620; x_wconf 84' lang='grc' dir='ltr'><strong><em>ἐτάφη</em></strong></span> <span class='ocrx_word' id='word_1_384' title='bbox 1937 4538 1999 4601; x_wconf 81' lang='grc' dir='ltr'><strong><em>ἐκεῖ.</em></strong></span> 
     </span>
    </p>

    <p class='ocr_par' dir='ltr' id='par_1_15' title="bbox 496 4660 1996 4751">
     <span class='ocr_line' id='line_1_32' title="bbox 496 4660 1996 4751; baseline -0.001 -22"><span class='ocrx_word' id='word_1_385' title='bbox 496 4663 544 4750; x_wconf 88' lang='grc' dir='ltr'><strong><em>(Ζ.</em></strong></span> <span class='ocrx_word' id='word_1_386' title='bbox 563 4666 656 4749; x_wconf 77' lang='grc' dir='ltr'><strong><em>Ἰωήλ</em></strong></span> <span class='ocrx_word' id='word_1_387' title='bbox 670 4662 703 4749; x_wconf 76' lang='grc' dir='ltr'><strong><em>ἦν</em></strong></span> <span class='ocrx_word' id='word_1_388' title='bbox 718 4667 747 4728; x_wconf 87' lang='grc' dir='ltr'><strong><em>ἐκ</em></strong></span> <span class='ocrx_word' id='word_1_389' title='bbox 761 4668 848 4748; x_wconf 73' lang='grc' dir='ltr'><strong><em>φνλής</em></strong></span> <span class='ocrx_word' id='word_1_390' title='bbox 861 4669 909 4728; x_wconf 80' lang='grc' dir='ltr'><strong><em>τοῦ</em></strong></span> <span class='ocrx_word' id='word_1_391' title='bbox 922 4661 1034 4751; x_wconf 77' lang='grc' dir='ltr'><strong><em>Ῥοοβλμ</em></strong></span> <span class='ocrx_word' id='word_1_392' title='bbox 1045 4665 1130 4750; x_wconf 74' lang='grc' dir='ltr'><strong><em>ἀγροῦ</em></strong></span> <span class='ocrx_word' id='word_1_393' title='bbox 1144 4669 1193 4729; x_wconf 80' lang='grc' dir='ltr'><strong><em>τοῦ</em></strong></span> <span class='ocrx_word' id='word_1_394' title='bbox 1210 4668 1369 4745; x_wconf 78' lang='grc' dir='ltr'><strong><em>Βεθονρών·</em></strong></span> <span class='ocrx_word' id='word_1_395' title='bbox 1384 4661 1431 4727; x_wconf 72' lang='grc' dir='ltr'><strong><em>καὶ</em></strong></span> <span class='ocrx_word' id='word_1_396' title='bbox 1446 4663 1592 4729; x_wconf 82' lang='grc' dir='ltr'><strong><em>ἀπέθανεν</em></strong></span> <span class='ocrx_word' id='word_1_397' title='bbox 1607 4666 1636 4728; x_wconf 88' lang='grc' dir='ltr'><strong><em>ἐν</em></strong></span> <span class='ocrx_word' id='word_1_398' title='bbox 1649 4663 1741 4748; x_wconf 78' lang='grc' dir='ltr'><strong><em>εἰρήνη</em></strong></span> <span class='ocrx_word' id='word_1_399' title='bbox 1755 4660 1802 4729; x_wconf 76' lang='grc' dir='ltr'><strong><em>καὶ</em></strong></span> <span class='ocrx_word' id='word_1_400' title='bbox 1816 4662 1906 4748; x_wconf 80' lang='grc' dir='ltr'><strong><em>ἐτάφη</em></strong></span> <span class='ocrx_word' id='word_1_401' title='bbox 1921 4665 1996 4741; x_wconf 81' lang='grc' dir='ltr'><strong><em>ἐκεῖ.)</em></strong></span> 
     </span>
    </p>

    <p class='ocr_par' dir='ltr' id='par_1_16' title="bbox 495 4784 2039 4878">
     <span class='ocr_line' id='line_1_33' title="bbox 495 4784 2039 4878; baseline -0.002 -21"><span class='ocrx_word' id='word_1_402' title='bbox 495 4796 528 4874; x_wconf 74' lang='lat' dir='ltr'><strong><em>S¹</em></strong></span> <span class='ocrx_word' id='word_1_403' title='bbox 552 4794 688 4878; x_wconf 78' lang='grc' dir='ltr'><strong><em>Ἀβοιοῦ</em></strong></span> <span class='ocrx_word' id='word_1_404' title='bbox 707 4789 740 4876; x_wconf 76' lang='grc' dir='ltr'><strong><em>ἦν</em></strong></span> <span class='ocrx_word' id='word_1_405' title='bbox 758 4794 787 4855; x_wconf 87' lang='grc' dir='ltr'><strong><em>ἐκ</em></strong></span> <span class='ocrx_word' id='word_1_406' title='bbox 807 4797 855 4875; x_wconf 77' lang='grc' dir='ltr'><strong><em>γῆς</em></strong></span> <span class='ocrx_word' id='word_1_407' title='bbox 869 4795 975 4874; x_wconf 83' lang='grc' dir='ltr'><strong><em>Συχέμ,</em></strong></span> <span class='ocrx_word' id='word_1_408' title='bbox 997 4791 1014 4856; x_wconf 86' lang='grc' dir='ltr'><strong>ὁ</strong></span> <span class='ocrx_word' id='word_1_409' title='bbox 1032 4790 1078 4857; x_wconf 78' lang='grc' dir='ltr'><strong><em>καὶ</em></strong></span> <span class='ocrx_word' id='word_1_410' title='bbox 1093 4795 1184 4874; x_wconf 88' lang='grc' dir='ltr'><strong><em>τρίτος</em></strong></span> <span class='ocrx_word' id='word_1_411' title='bbox 1204 4791 1439 4874; x_wconf 78' lang='grc' dir='ltr'><strong><em>πεντηκόνταρχος</em></strong></span> <span class='ocrx_word' id='word_1_412' title='bbox 1457 4784 1489 4854; x_wconf 79' lang='grc' dir='ltr'><strong><em>οὗ</em></strong></span> <span class='ocrx_word' id='word_1_413' title='bbox 1507 4792 1638 4874; x_wconf 85' lang='grc' dir='ltr'><strong><em>ἐφείσατο</em></strong></span> <span class='ocrx_word' id='word_1_414' title='bbox 1650 4791 1764 4864; x_wconf 87' lang='grc' dir='ltr'><strong><em>Ἠλίας·</em></strong></span> <span class='ocrx_word' id='word_1_415' title='bbox 1786 4788 1833 4856; x_wconf 81' lang='grc' dir='ltr'><strong><em>καλ</em></strong></span> <span class='ocrx_word' id='word_1_416' title='bbox 1852 4792 1953 4874; x_wconf 85' lang='grc' dir='ltr'><strong><em>κατέβη</em></strong></span> <span class='ocrx_word' id='word_1_417' title='bbox 1968 4790 2039 4870; x_wconf 85' lang='grc' dir='ltr'><strong><em>πρὸς</em></strong></span> 
     </span>
    </p>
   </div>
   <div class='ocr_carea' id='block_1_8' title="bbox 390 4944 2037 5275">
    <p class='ocr_par' dir='ltr' id='par_1_17' title="bbox 390 4944 2037 5275">
     <span class='ocr_line' id='line_1_34' title="bbox 444 4944 2037 5021; baseline -0.003 -17"><span class='ocrx_word' id='word_1_418' title='bbox 444 4957 460 5015; x_wconf 81' lang='lat'><strong><em>¹)</em></strong></span> <span class='ocrx_word' id='word_1_419' title='bbox 473 4951 530 5004; x_wconf 87' lang='lat' dir='ltr'><strong><em>Hic</em></strong></span> <span class='ocrx_word' id='word_1_420' title='bbox 543 4949 642 5004; x_wconf 91' lang='lat' dir='ltr'>titulus</span> <span class='ocrx_word' id='word_1_421' title='bbox 655 4950 684 5002; x_wconf 91' lang='lat' dir='ltr'><strong><em>in</em></strong></span> <span class='ocrx_word' id='word_1_422' title='bbox 697 4950 760 5004; x_wconf 85' lang='lat' dir='ltr'>cod.</span> <span class='ocrx_word' id='word_1_423' title='bbox 773 4946 862 5002; x_wconf 82' lang='lat' dir='ltr'>CXX.</span> <span class='ocrx_word' id='word_1_424' title='bbox 874 4946 1010 5017; x_wconf 81' lang='lat' dir='ltr'>habetur,</span> <span class='ocrx_word' id='word_1_425' title='bbox 1027 4949 1082 5003; x_wconf 87' lang='lat' dir='ltr'>nisi</span> <span class='ocrx_word' id='word_1_426' title='bbox 1100 4949 1177 5021; x_wconf 90' lang='lat' dir='ltr'>quod</span> <span class='ocrx_word' id='word_1_427' title='bbox 1300 4952 1320 5014; x_wconf 76' lang='lat'><strong><em>¹)</em></strong></span> <span class='ocrx_word' id='word_1_428' title='bbox 1333 4948 1366 5002; x_wconf 94' lang='lat' dir='ltr'><strong><em>In</em></strong></span> <span class='ocrx_word' id='word_1_429' title='bbox 1377 4945 1637 5002; x_wconf 84' lang='lat' dir='ltr'>codiceCCXXIV.</span> <span class='ocrx_word' id='word_1_430' title='bbox 1648 4947 1825 5020; x_wconf 84' lang='lat' dir='ltr'>singulorum</span> <span class='ocrx_word' id='word_1_431' title='bbox 1835 4944 2037 5018; x_wconf 81' lang='lat' dir='ltr'>prophetarum</span> 
     </span>
     <span class='ocr_line' id='line_1_35' title="bbox 390 5030 2036 5106; baseline -0.006 -15"><span class='ocrx_word' id='word_1_432' title='bbox 390 5054 441 5106; x_wconf 90' lang='lat' dir='ltr'><strong><em>pro</em></strong></span> <span class='ocrx_word' id='word_1_433' title='bbox 453 5037 616 5098; x_wconf 77' lang='grc' dir='ltr'><strong><em>Ἐπιφανλοιι,</em></strong></span> <span class='ocrx_word' id='word_1_434' title='bbox 631 5035 707 5106; x_wconf 87' lang='lat' dir='ltr'>quod</span> <span class='ocrx_word' id='word_1_435' title='bbox 720 5035 776 5088; x_wconf 89' lang='lat' dir='ltr'><strong><em>iam</em></strong></span> <span class='ocrx_word' id='word_1_436' title='bbox 788 5033 958 5103; x_wconf 86' lang='lat' dir='ltr'>praecessit,</span> <span class='ocrx_word' id='word_1_437' title='bbox 974 5037 1022 5087; x_wconf 81' lang='grc' dir='ltr'><strong><em>τοῦ</em></strong></span> <span class='ocrx_word' id='word_1_438' title='bbox 1034 5033 1116 5087; x_wconf 70' lang='grc' dir='ltr'><strong><em>αὐτοῦ</em></strong></span> <span class='ocrx_word' id='word_1_439' title='bbox 1127 5051 1176 5104; x_wconf 91' lang='lat' dir='ltr'><strong><em>po·</em></strong></span> <span class='ocrx_word' id='word_1_440' title='bbox 1251 5034 1321 5088; x_wconf 90' lang='lat' dir='ltr'>ordo</span> <span class='ocrx_word' id='word_1_441' title='bbox 1340 5032 1387 5086; x_wconf 91' lang='lat' dir='ltr'><strong><em>hic</em></strong></span> <span class='ocrx_word' id='word_1_442' title='bbox 1406 5037 1461 5086; x_wconf 87' lang='lat' dir='ltr'>est:</span> <span class='ocrx_word' id='word_1_443' title='bbox 1482 5036 1519 5086; x_wconf 87' lang='lat' dir='ltr'><strong><em>A.</em></strong></span> <span class='ocrx_word' id='word_1_444' title='bbox 1529 5030 1654 5099; x_wconf 69' lang='grc' dir='ltr'><strong><em>Ἡσαΐας,</em></strong></span> <span class='ocrx_word' id='word_1_445' title='bbox 1672 5036 1703 5085; x_wconf 88' lang='lat' dir='ltr'><strong><em>B.</em></strong></span> <span class='ocrx_word' id='word_1_446' title='bbox 1714 5032 1850 5103; x_wconf 81' lang='grc' dir='ltr'><strong><em>Ἱιριμλας,</em></strong></span> <span class='ocrx_word' id='word_1_447' title='bbox 1870 5036 1902 5085; x_wconf 88' lang='grc' dir='ltr'><strong><em>Γ.</em></strong></span> <span class='ocrx_word' id='word_1_448' title='bbox 1914 5030 2036 5097; x_wconf 61' lang='lat' dir='ltr'><strong><em>’Intravit</em></strong></span> 
     </span>
     <span class='ocr_line' id='line_1_36' title="bbox 391 5116 1601 5189; baseline -0.002 -15"><span class='ocrx_word' id='word_1_449' title='bbox 391 5121 475 5175; x_wconf 84' lang='lat' dir='ltr'>situm</span> <span class='ocrx_word' id='word_1_450' title='bbox 485 5126 536 5175; x_wconf 86' lang='lat' dir='ltr'>cst.</span> <span class='ocrx_word' id='word_1_451' title='bbox 555 5122 678 5175; x_wconf 78' lang='lat' dir='ltr'>&#39;sextum</span> <span class='ocrx_word' id='word_1_452' title='bbox 691 5119 799 5175; x_wconf 78' lang='lat' dir='ltr'>codicis</span> <span class='ocrx_word' id='word_1_453' title='bbox 813 5117 968 5172; x_wconf 74' lang='lat' dir='ltr'>ccxxiv.</span> <span class='ocrx_word' id='word_1_454' title='bbox 979 5118 1086 5189; x_wconf 87' lang='lat' dir='ltr'>ubique</span> <span class='ocrx_word' id='word_1_455' title='bbox 1097 5119 1176 5174; x_wconf 89' lang='lat' dir='ltr'>lunu·</span> <span class='ocrx_word' id='word_1_456' title='bbox 1252 5119 1283 5172; x_wconf 87' lang='grc' dir='ltr'><strong><em>Δ.</em></strong></span> <span class='ocrx_word' id='word_1_457' title='bbox 1296 5119 1407 5186; x_wconf 66' lang='lat' dir='ltr'><strong><em>Aeraria,</em></strong></span> <span class='ocrx_word' id='word_1_458' title='bbox 1420 5121 1450 5171; x_wconf 83' lang='lat' dir='ltr'><strong><em>E.</em></strong></span> <span class='ocrx_word' id='word_1_459' title='bbox 1460 5116 1536 5186; x_wconf 80' lang='grc' dir='ltr'><strong><em>Ὠσηλ</em></strong></span> <span class='ocrx_word' id='word_1_460' title='bbox 1548 5123 1601 5173; x_wconf 85' lang='lat' dir='ltr'>etc.</span> 
     </span>
     <span class='ocr_line' id='line_1_37' title="bbox 391 5205 779 5275; baseline -0.008 -17"><span class='ocrx_word' id='word_1_461' title='bbox 391 5206 426 5266; x_wconf 86' lang='lat' dir='ltr'>lis</span> <span class='ocrx_word' id='word_1_462' title='bbox 440 5205 582 5259; x_wconf 88' lang='lat' dir='ltr'>inclusum</span> <span class='ocrx_word' id='word_1_463' title='bbox 595 5220 779 5275; x_wconf 84' lang='lat' dir='ltr'>apponemus.</span> 
     </span>
    </p>
   </div>
   <div class='ocr_carea' id='block_1_9' title="bbox 0 0 2382 6194">
    <p class='ocr_par' dir='ltr' id='par_1_18' title="bbox 0 0 2382 6194">
     <span class='ocr_line' id='line_1_38' title="bbox 0 0 2382 6194; baseline 0 0"><span class='ocrx_word' id='word_1_464' title='bbox 0 0 2382 6194; x_wconf 95' lang='lat' dir='ltr'><strong><em> </em></strong></span> 
     </span>
    </p>
   </div>
  </div>
 </body>
</html>
