4756 6194
1932 392 1973 459 89

332 620 377 661 σοι
390 594 445 678 πρό
459 598 509 678 τής
524 593 658 677 ζητήσεως
672 594 750 678 λίχω,
765 591 809 659 σοί
823 597 928 677 μᾶλλον
942 593 1130 676 προείλημμαι.
1152 591 1199 657 καί
1213 593 1289 658 κατά
1302 592 1385 658 τοῦτο
1399 592 1521 676 άχωνιάν
1536 591 1597 676 περί
1612 594 1677 677 ε’μοῖι
1691 594 1739 659 αἰκ
1753 593 1884 679 ὀφείλεις,
1900 596 1974 663 ἀλλά

334 723 457 805 Πίερος,
476 718 519 788 ότι
534 720 623 806 ἀκμήν
638 720 715 802 αὐτῷ
729 720 767 786 τά
782 721 896 785 ε’ναντία
909 725 1015 804 φρονῶ·
1037 718 1106 803 ὅπερ
1118 719 1189 802 μετά
1203 719 1253 803 τήν
1266 719 1398 803 ιἰμετίραν
1413 721 1520 804 ζήτησιν
1535 721 1635 798 ε’λπίζοι
1649 723 1807 806 φιλαλήθης
1821 720 1861 787 σόν
1874 724 1975 810 κριτής,

332 849 473 934 πρόληψιν
496 849 718 932 ἀποδυσάμενος,
741 855 781 930 τῴ
804 849 993 932 ε’πικρατουντι
1011 849 1172 913 συνθέσθαι
1189 848 1280 932 λόχοι.
1317 853 1408 913 ταῦτα
1426 853 1475 912 τοῦ
1494 847 1602 931 πατρὸς
1620 847 1745 922 εἰπόντος
1761 848 1848 933 ήρίμα
1866 852 1918 936 βοή
1934 878 1976 927 τις

333 977 449 1041 ε’παίνου
464 976 493 1039 ε’κ
507 981 563 1040 τῶν
577 975 667 1059 όχλων
682 976 787 1060 ε’χίνετο
801 972 846 1041 ε’πὶ
860 981 900 1056 τῷ
915 971 1003 1048 οότως
1017 974 1065 1042 τόν
1079 977 1189 1058 πατέρα
1204 980 1392 1059 διαλεχθῆναι.
1438 974 1485 1038 19.
1509 972 1571 1040 Καὶ
1585 971 1660 1058 ὅμως
1674 974 1689 1042 ὁ
1705 978 1816 1060 Πέτρος
1828 979 1861 1044 τὸ
1876 980 1976 1046 ἑαυτοῦ

334 1101 395 1186 περὶ
409 1108 481 1168 θεοῦ
495 1102 609 1180 ε’ξέθετο
630 1103 770 1187 φρόνημα·
793 1100 840 1167 καί
858 1101 949 1167 πολλά
968 1099 1031 1185 περὶ
1048 1105 1202 1186 μοναρχίας
1220 1099 1377 1186 διαλεχθείς
1393 1102 1464 1186 μετά
1482 1103 1620 1185 δακρίοιν,
1642 1107 1676 1185 τή
1694 1101 1762 1187 χειρὶ
1779 1111 1976 1186 προσεκαλεῖτο

334 1232 400 1305 τοὺς
417 1229 527 1316 ὄχλους·
549 1230 591 1304 οἷς
609 1236 797 1313 προσελθοῦσι
815 1231 869 1304 τάς
884 1241 980 1314 χεῖρας
999 1227 1133 1303 ἐπιτιθείς
1153 1224 1228 1315 (καὶ)
1252 1229 1394 1313 αἰχόμενος
1412 1229 1561 1312 παρεκάλει
1582 1228 1705 1304 πάντας,
1727 1227 1775 1294 καί
1794 1231 1977 1317 εόλοχήσαμεν

335 1355 516 1432 ἅπαντεςτόν
522 1357 600 1425 θεόν.
623 1356 674 1423 20.
687 1356 889 1440 ‘nonenoeane
901 1358 934 1422 δι’
940 1383 982 1430 τις
992 1359 1077 1440 λε’χων
1087 1358 1158 1440 πρὸς
1165 1360 1283 1439 Σίμωνα
1294 1357 1423 1421 Ἀππίοιν
1434 1354 1449 1422 ό
1459 1359 1656 1439 Πλεισνονόιης
1670 1356 1719 1422 σὺν
1724 1357 1901 1442 Ἀννουβίωνι
1913 1355 1977 1444 ήκεν

336 1486 440 1570 άρτόος
460 1485 519 1553 ἀπό
531 1485 710 1569 Ἀντιοχείας.
743 1482 896 1550 καὶταῦτα
910 1485 1034 1558 άκοόσας
1047 1486 1145 1568 Σήιον
1158 1484 1265 1557 εόθίως
1279 1484 1380 1567 ε’ξήλθε
1393 1488 1442 1548 τοῦ
1456 1483 1652 1559 όποδεζασθαι
1666 1483 1773 1557 αότοός.
1809 1484 1825 1552 ὁ
1840 1483 1869 1550 δὲ
1883 1488 1977 1573 πατήρ

336 1613 461 1687 άκοόσας
478 1610 527 1678 καὶ
543 1609 639 1698 χαρεὶς
657 1613 709 1697 ἔφη
723 1617 763 1692 τῷ
780 1613 892 1695 Πέτρων
904 1610 946 1676 Εἴ
953 1639 999 1695 μοι
1014 1612 1175 1694 ἐπιτρέπεις,
1194 1612 1344 1695 πορεόομαι
1358 1610 1434 1694 κάχά
1449 1611 1680 1694 προσαχερείσων
1693 1611 1842 1678 Ἀππάιινα
1856 1613 1903 1679 καί
1916 1615 1977 1680 ’Ao

335 1742 488 1826 νουβίωνα,
503 1740 533 1804 ἔκ
545 1740 657 1824 πράτης
671 1738 777 1822 ήλικιάς
789 1741 888 1823 φίλους
901 1766 946 1822 μοι
961 1741 1159 1823 γεγενημένους
1177 1739 1260 1822 τυχόν
1276 1733 1361 1823 (eod.
1376 1734 1455 1823 χῶν)
1472 1737 1526 1821 γὰρ
1538 1738 1725 1823 Ἁννουβάυνα
1739 1742 1825 1805 πείσω
1840 1739 1979 1826 Κλήμευτι

336 1872 518 1952 διαλεχθῆναι
525 1864 587 1951 περὶ
595 1868 732 1954 χενίσεως.
758 1866 809 1930 21.
828 1865 899 1933 καὶὸ
909 1868 1019 1949 Πέτρος
1025 1866 1187 1949 Ἐπιτρέπω,
1202 1866 1262 1950 ἔφη,
1278 1862 1325 1929 καί
1336 1865 1440 1929 ε’παινοῖ
1451 1865 1488 1929 τά
1499 1866 1589 1947 φιλων
1599 1891 1631 1931 σε
1645 1871 1802 1950 πληροῦντα
1815 1869 1893 1953 με’ρη·
1907 1870 1979 1956 πλήν

337 1995 422 2062 ἐννόει
439 2021 486 2079 μοι
504 1993 543 2068 οἷς
562 1993 637 2060 κατὰ
655 1993 788 2077 πρόνοιαν
807 1999 878 2059 θεοῦ
897 1994 1080 2077 πανταχόθεν
1098 1996 1234 2077 συντρέχει
1252 1992 1290 2058 τά
1307 1990 1378 2075 πρὸς
1397 1991 1446 2076 τήν
1464 1991 1516 2075 σήν
1535 1993 1737 2076 πληροφορίαν,
1759 1995 1862 2060 οἰκείαν
1880 1997 1978 2064 άποτε·

336 2128 439 2189 λοῦντα
453 2121 503 2206 τήν
518 2120 660 2205 ἁρμονίαν.
686 2127 768 2187 τοῦτο
782 2119 812 2185 δὲ
826 2122 903 2185 εἶπον
917 2121 963 2185 διά
978 2121 1027 2205 τήν
1041 2121 1239 2206 Ἀννουβίωνος
1251 2123 1389 2204 χρησίμως
1402 2145 1447 2184 σοι
1460 2120 1602 2203 χενομίνην
1616 2120 1767 2203 ε’νιιδημιάν.
1793 2119 1841 2186 καί
1855 2123 1871 2190 ό
1885 2126 1979 2210 πατήρ

338 2251 390 2333 ἔφη
403 2249 537 2333 Ἀληθῶς
550 2253 657 2333 συνορῶ
671 2255 753 2314 τοῦτο
767 2245 856 2322 οὕτως
870 2249 940 2331 ἕχον.
969 2247 1016 2312 καὶ
1031 2253 1121 2314 ταῦτα
1136 2247 1220 2314 είπών
1235 2248 1373 2332 ε’πορεόθη
1388 2246 1459 2329 πρὸς
1472 2249 1598 2329 Σίμωνα.
1641 2246 1690 2310 22.
1719 2275 1756 2312 κα

338 2405 399 2442 οινα
413 2373 461 2442 καί
474 2375 671 2460 Ἀννουβίοινα,
685 2376 913 2459 προσαγορεύσας
928 2376 1028 2450 αὐτοὺς
1043 2376 1198 2458 ἕκαθέσθη.
1224 2375 1240 2440 ὁ
1255 2371 1285 2439 δὲ
1298 2377 1396 2457 Σίμων
1410 2373 1534 2447 άκοόσας
1547 2374 1767 2458 ἐπιδημήσαντας
1780 2404 1858 2450 τινας
1871 2378 1901 2442 ε’κ
1913 2407 1979 2464 προ

339 2508 443 2588 σταχής
457 2508 599 2589 βασιλικής
613 2502 808 2585 ἐπιζητοῦντας
823 2504 915 2579 αὐτόν,
930 2501 978 2569 καί
991 2504 1154 2587 φάσκοντας
1167 2501 1271 2568 καθότι
1285 2509 1403 2584 Καῖσαρ
1417 2501 1536 2574 πολλοὺς
1547 2501 1653 2585 μάχους
1667 2502 1771 2567 άνελών
1785 2501 1832 2568 καὶ
1846 2503 1884 2569 τά
1903 2508 1979 2572 κατά

339 2631 388 2698 τὸν
402 2633 521 2714 Σίμωνα
535 2630 642 2711 μαθὼν
656 2631 695 2703 είς
709 2630 862 2713 ἐπιζήτησιν
877 2631 962 2697 αὐτοῦ
977 2632 1113 2715 ἔπεμψεν,
1132 2628 1211 2703 ὅπως
1224 2628 1271 2694 καί
1287 2628 1371 2695 αὐτὸν
1385 2626 1424 2702 σός
1438 2625 1485 2692 καὶ
1499 2627 1564 2702 τοὺς
1577 2627 1632 2712 πρό
1648 2629 1733 2694 αὐτοῦ
1745 2630 1851 2714 μάγους
1864 2634 1978 2716 κολάση,

339 2759 410 2842 πρὸς
423 2752 577 2824 Ἀππίουνά
591 2754 640 2822 καὶ
656 2756 844 2842 Ἀννουβάσνα
865 2758 916 2842 ἔφη
942 2760 1076 2825 Φαίστου
1098 2759 1169 2840 πρός
1182 2757 1256 2841 ήμᾶς
1269 2757 1416 2830 ελθόντος,
1436 2754 1512 2820 άλιόν
1526 2755 1612 2822 αὐτὸν
1625 2769 1823 2842 συμμετασχεῖν
1841 2758 1903 2842 ήμῖν
1922 2785 1980 2826 που

338 2888 436 2971 ήσατε·
459 2883 512 2970 ε’χά
531 2882 561 2949 δὲ
578 2885 663 2968 μῦρόν
683 2879 758 2968 (sic)
779 2912 806 2950 τι
823 2887 963 2959 σκευάσω,
987 2886 1032 2950 ίνα
1051 2886 1198 2968 δειπνήσας
1216 2882 1264 2949 καὶ
1282 2882 1434 2968 άναλαβολν
1448 2882 1481 2949 τὸ
1496 2880 1563 2947 ίδιον
1575 2885 1675 2967 χρίσας
1687 2883 1839 2967 πρόσωπον
1852 2886 1902 2971 τήν
1916 2886 1981 2971 ἐμήν

339 3019 426 3080 πᾶσιν
441 3014 509 3097 ἔχειν
524 3013 590 3095 δόξη
603 3012 718 3095 μορφήν.
762 3010 812 3074 23.
835 3010 883 3078 καί
897 3018 946 3078 τοτ’1
960 3015 1089 3096 Σιμωνος
1102 3019 1193 3079 ταῦτα
1207 3011 1332 3084 είπόντος
1344 3011 1475 3075 Ἀππίων
1498 3008 1545 3075 καί
1557 3010 1723 3096 Ἀννουβίων
1742 3012 1793 3096 ἔφη
1818 3015 1858 3080 Τί
1872 3009 1920 3081 σόν
1938 3041 1982 3081 σοι

340 3143 371 3207 εἰι
384 3146 434 3225 τῆς
446 3145 569 3224 μηχανῆς
582 3139 685 3221 ταύτης
699 3143 776 3204 ἕσται
795 3142 905 3222 κε’ρδοςς
929 3138 976 3204 καὶ
995 3140 1125 3223 όΣιμων
1144 3141 1195 3223 ἔφη
1220 3143 1341 3223 Πρῶτον
1359 3135 1408 3221 μὲν
1427 3136 1609 3222 συλλαβόντες
1627 3138 1713 3205 αὐτὸν
1731 3139 1758 3203 οἱ
1776 3138 1821 3222 ε’μό
1841 3144 1982 3224 ζητοῖντες

392 3325 432 3378 19.
444 3327 501 3376 Καὶ
511 3321 580 3392 ὅμως
593 3356 606 3366 -
615 3354 631 3363 -
642 3327 707 3375 επεν.
718 3326 762 3374 καῖ
773 3321 840 3394 (hoc
854 3322 883 3376 in
896 3323 957 3377 cod.
970 3329 1037 3394 post
1048 3324 1126 3377 addi-

340 3418 400 3463 tum
420 3409 474 3479 est)
491 3407 545 3474 εὐχ.
563 3439 578 3448 -
596 3439 611 3448 -
628 3407 673 3459 τόν
688 3407 768 3460 oso‘v:
786 3407 822 3460 ab
840 3406 884 3461 his
903 3408 1026 3463 discedit
1042 3409 1126 3464 Hom.

341 3501 435 3548 textus
453 3494 499 3560 (cf.
513 3491 597 3560 XVI,
614 3493 662 3560 5.),
681 3491 732 3546 sed
749 3493 893 3546 consentit
907 3492 1054 3563 Epitome‚
1070 3492 1126 3546 nisi

342 3579 419 3652 quod
430 3577 498 3649 μετά
510 3581 583 3647 δακρ.
596 3585 625 3631 et
635 3598 660 3630 τ.
667 3587 733 3648 χεῖρ.
743 3598 771 3630 τε
784 3583 900 3632 ἐπετίθει
912 3583 956 3630 καῖ
967 3577 1030 3649 ιἰπλρ
1041 3577 1127 3632 αδτῶν

343 3664 446 3733 ηὔχετο·
462 3667 506 3716 καῖ
517 3663 584 3731 ὁμοῦ
595 3662 673 3716 πάντ.
686 3662 737 3714 εὖλ.
749 3683 772 3716 τ.
787 3671 815 3715 θ.
829 3661 923 3718 habet

391 3749 432 3803 20.
444 3749 521 3820 Epic.
538 3780 554 3791 -
570 3781 586 3791 -
602 3747 692 3801 άνούσ.
707 3748 721 3801 ό
734 3753 797 3817 Σίμ.
810 3752 898 3807 ἔξεισιν
913 3747 1009 3808 είιθελνς
1022 3748 1053 3807 ὡς
1064 3749 1126 3808 τούς

341 3840 486 3904 εἰρημένους
498 3832 694 3904 ὑποδεξάμενος.
710 3833 794 3888 Hom.
808 3833 877 3901 XX,
891 3835 930 3886 ll.
943 3834 1085 3888 consentit
1097 3834 1126 3888 in

342 3919 437 3974 verbis
452 3918 621 3989 ιἰπεισέδραμέ
631 3941 670 3978 τις
681 3936 773 3991 usque
786 3918 840 3973 άπὸ
850 3918 927 3981 ’Am
941 3919 978 3972 ad
991 3937 1065 3991 quae
1078 3920 1127 3973 od·

344 4004 385 4058 dit
394 4011 438 4056 καῖ
445 4006 567 4066 ξενίζεται
577 4003 650 4075 παρά
655 4010 681 4056 Σ
682 4010 761 4073 ίμοινα
780 4003 853 4057 Tum
864 4019 930 4057 vero
939 4021 1036 4057 rursus
1043 4004 1127 4057 Hom.

342 4089 432 4160 magis
447 4107 532 4160 qnam
543 4090 618 4160 Epit
631 4106 695 4143 cnm
707 4094 804 4144 nostro
818 4089 971 4144 consentit:
984 4121 997 4132 -
1009 4121 1025 4131 -
1037 4088 1130 4143 ἀκοάτ.

342 4197 364 4226 κ.
373 4179 462 4244 χαρεὶς
472 4180 532 4246 (pro
546 4174 590 4228 his
599 4172 897 4244 Ερίλ.θ(λ.προσελθυλι·)
910 4178 958 4243 ἔφη
970 4173 1056 4245 (Epit.
1063 4179 1127 4237 ont.)

342 4292 357 4301 -
369 4293 381 4304 -
391 4263 503 4329 επιτρίπ.
510 4258 597 4329 (Epit.
605 4258 671 4312 odd.
678 4260 809 4329 λφη,κί·ριέ
816 4263 878 4329 μου)
887 4278 947 4327 πορ.
954 4257 1023 4322 κάχιίι
1033 4259 1128 4323 [Hom.

343 4363 406 4409 om„
418 4345 494 4414 Epit.
502 4344 559 4409 κάν.
572 4344 620 4398 σόν
631 4343 710 4412 αὐτῷ)
721 4344 801 4398 ’Am
814 4345 899 4415 (Epic
909 4345 975 4398 add.
986 4345 1026 4415 τε)
1037 4379 1050 4388 -
1060 4365 1130 4413 -μοι

344 4430 429 4500 (Epic
449 4431 492 4484 cd.
509 4435 571 4498 μου)
592 4451 709 4499 χεχενημ.
731 4430 817 4501 (Ερίλ.
833 4432 993 4499 γενομένους)
1014 4463 1029 4471 -
1048 4462 1064 4471 -
1079 4430 1129 4500 χεὶρ

342 4515 427 4585 (Epit.
440 4515 505 4569 add.
518 4522 570 4579 nal)
583 4550 597 4560 -
610 4550 624 4560 -
639 4536 668 4569 π.
681 4536 732 4580 χεν.

393 4601 435 4654 21.
447 4601 530 4655 Hom.
539 4607 567 4654 ct
575 4601 651 4670 Epit.
663 4633 678 4641 -
688 4634 702 4644 -
715 4605 792 4662 octor
804 4620 832 4653 σε
847 4606 891 4665 (ex
903 4616 997 4653 errore
1009 4606 1041 4653 ut
1053 4600 1130 4655 vidc-

345 4691 390 4738 tur
406 4684 504 4740 Drecs.
521 4691 559 4751 τε)
578 4720 591 4730 -
609 4720 622 4730 -
638 4688 775 4755 ἐπιδημίαν
796 4686 880 4756 (Epit.
898 4686 961 4740 cod.
979 4687 1130 4751 ἐπιτυχίαν).

344 4774 387 4822 κοιλ
403 4769 417 4821 ὁ
434 4789 498 4823 παν.
511 4775 558 4841 λφη
576 4771 660 4840 (Epit.
672 4769 843 4841 ροελἈληθ.
860 4770 954 4840 ponit,
971 4770 1053 4826 Hom.
1067 4777 1129 4833 om.)

344 4859 443 4925 συνορῶ
455 4855 613 4926 (Εχιίλ.κάχνλ
622 4862 719 4926 συεορ.)
729 4877 753 4910 τ.
760 4855 932 4925 oiirotcfflpit.
939 4853 1131 4918 ot‘wofflom.

345 4949 411 5003 om.)
422 4973 438 4982 -
449 4973 465 4983 -
477 4962 521 5009 πρ.
533 4947 596 5012 Σίμ.
609 4940 664 5005 (his
674 4941 733 4995 cxit
744 4941 828 4996 Hom.
840 4941 906 5006 XX,
921 4942 971 5004 11.)

395 5028 436 5080 22.
453 5027 542 5097 Epit.
563 5061 575 5070 -
591 5058 607 5068 -
624 5027 703 5079 Ἀππ.
717 5047 745 5080 τε
762 5031 807 5078 καῖ
819 5028 885 5079 'Am
901 5030 945 5078 καλ
959 5045 1072 5096 προσαχ.
1084 5057 1100 5067 -
1115 5058 1132 5068 -

344 5113 509 5180 ίπιδημήσειν
517 5112 588 5170 τινάς
601 5144 615 5157 -
627 5144 643 5154 -
655 5111 756 5175 άνελών,
769 5111 825 5165 εἶτα
837 5116 881 5164 καῖ
890 5111 924 5164 τά
934 5112 1069 5180 κατάΣίμ.
1079 5131 1133 5164 πυ-

344 5197 460 5264 θόμενος
471 5198 519 5262 (ελ.
531 5197 638 5265 μαθὼν)
650 5230 666 5239 -
675 5228 691 5240 ·
702 5201 835 5266 πέμψειεν,
847 5195 891 5249 όπ.
902 5218 924 5248 κ.
937 5217 963 5248 α.
977 5194 1072 5266 ὁμοίως
1085 5197 1132 5261 (ol.

1200 3340 1263 3376 cnm
1275 3323 1385 3393 nostro)
1397 3321 1504 3392 κολάσῃ,
1516 3319 1677 3391 πρἉννουβ.
1687 3321 1793 3376 nunu.
1803 3327 1850 3394 λφη
1859 3328 1983 3379 Φαῦστον

1198 3429 1227 3460 π.
1243 3406 1267 3475 ή.
1278 3407 1393 3460 ἐλθόντα
1409 3414 1549 3475 μετασχεῖν
1568 3404 1636 3458 άλῶν
1655 3408 1782 3474 ποιήσατε
1800 3408 1847 3461 σιίν
1866 3407 1926 3478 ήμῖν
1938 3445 1950 3453 -
1966 3444 1982 3453 -

1198 3491 1382 3546 κατασκευάσει
1397 3491 1442 3555 (al.
1459 3491 1587 3551 σκευάσαι)
1607 3493 1648 3542 λ’να
1666 3495 1689 3545 δ.
1706 3514 1727 3545 κ.
1745 3492 1919 3563 ἀλειψάμενος
1934 3495 1982 3566 (al.

1199 3596 1263 3632 cum
1275 3583 1382 3642 nostro)
1392 3609 1427 3619 —-
1439 3580 1507 3629 πᾶσι
1518 3577 1572 3635 tot.
1584 3581 1620 3641 λχ.
1631 3597 1713 3647 μσρφ.
1731 3577 1906 3634 InHom.ci.
1916 3579 1982 3647 XX,

1199 3664 1239 3717 16.
1251 3661 1364 3730 άκηκοώς
1375 3662 1541 3730 ἐπιδημήσειν
1551 3665 1638 3714 ποθέν
1649 3682 1720 3720 τινας
1732 3664 1850 3715 ἐνταῦθα
1862 3666 1894 3734 τῇ
1902 3667 1982 3717 Λαο-

1198 3751 1278 3814 δικείᾳ
1289 3754 1314 3800 ἐκ
1331 3751 1482 3817 προσταχής
1496 3750 1628 3814 βασιλικῆς
1644 3748 1783 3814 ζητοῦντας
1798 3743 1895 3812 αὐτόν,
1913 3750 1981 3803 item

1198 3833 1268 3901 xxj,
1282 3834 1321 3888 13.
1338 3837 1382 3884 καί
1398 3834 1480 3900 ζητεῖν
1501 3831 1581 3885 αι’τὸν
1601 3832 1744 3894 φάσκοντος
1762 3833 1860 3888 καθότι
1876 3837 1983 3905 Καῖσαρ

1199 3919 1310 3977 πολλοὺς
1324 3919 1426 3987 μάγους
1440 3916 1534 3969 άνελών
1550 3923 1593 3969 καὶ
1607 3917 1642 3970 τά
1658 3916 1713 3970 κατ’
1732 3916 1812 3971 αὐτόν
1828 3918 1925 3988 μαθὼν
1941 3926 1984 3989 ἐμὲ

1200 4007 1242 4056 ἐπὶ
1250 4003 1296 4070 τήν
1308 4001 1390 4056 αίντοῠ
1402 4003 1504 4069 ζήτησιν
1515 4007 1640 4071 ἔπεμψεν,
1658 4000 1728 4062 όπυς
1745 4009 1799 4058 etc.
1813 4004 1850 4058 nd
1867 4004 1983 4059 verbum

1202 4088 1345 4143 consentit
1356 4103 1447 4159 usque
1459 4088 1563 4159 κολάσῃ.
1580 4086 1804 4158 RursuscfXX,
1814 4089 1854 4143 16.
1870 4091 1983 4159 Φαύστῳ

1200 4179 1227 4227 δὲ
1242 4173 1342 4227 εἰσιόντι
1357 4173 1402 4225 τόν
1422 4175 1487 4224 ἴδιον
1508 4174 1596 4242 θυμὸν
1616 4173 1774 4243 [ἐπίστρεφε]
1796 4174 1883 4245 φήσας
1903 4174 1984 4234 οὕτως

1200 4258 1265 4329 πρός
1284 4256 1352 4328 ήμοῑς
1370 4257 1450 4311 Ἁλῶν
1471 4257 1552 4312 αι’σὸν
1574 4259 1687 4312 ἐλθόντα
1711 4268 1902 4328 συμμετασχεῖν
1924 4258 1984 4328 ὑμῖν

1200 4346 1337 4413 ποιήσατε’
1350 4344 1397 4410 troi
1409 4347 1435 4396 δλ
1445 4344 1528 4413 μόρον
1539 4365 1564 4395 τι
1575 4343 1700 4408 σκευάσω,
1712 4347 1754 4397 ἵνα
1767 4347 1791 4396 δ.
1800 4366 1822 4397 ιι.
1834 4344 1867 4396 άν
1878 4365 1904 4397 τι
1915 4352 1983 4406 (om-

1202 4432 1269 4485 nino
1280 4446 1313 4483 ex
1321 4435 1417 4484 nostro
1429 4427 1540 4498 corrige
1549 4429 1589 4493 τὸ)
1597 4431 1629 4480 λδ.
1638 4450 1680 4499 χρ.
1691 4449 1735 4499 πρ.
1750 4437 1803 4484 etc.
1816 4428 1853 4483 od
1866 4429 1984 4483 verbum

1203 4515 1347 4570 consentit
1357 4529 1449 4585 usque
1460 4513 1529 4573 δόξει
1542 4513 1592 4580 (ita
1603 4515 1664 4584 ipsc
1678 4514 1777 4578 codex)
1789 4515 1901 4584 μορφήν.

1252 4600 1293 4653 23.
1313 4600 1336 4652 Ε
1341 4599 1401 4669 pit.
1414 4630 1426 4641 ·
1439 4632 1451 4641 -
1464 4603 1527 4661 φασῖ
1538 4598 1603 4669 πρὸς
1614 4598 1694 4653 αὐτόν
1702 4603 1758 4653 Καὶ
1770 4605 1798 4651 τί
1807 4600 1861 4668 οἷρα
1873 4618 1916 4651 σοι
1926 4604 1984 4670 κίρ-

1202 4689 1247 4744 δος
1263 4684 1317 4737 άπὸ
1333 4688 1379 4754 τῆς
1393 4704 1456 4752 μηχ.
1474 4688 1546 4737 ἔσται
1562 4683 1673 4750 ταύτης,Ι
1693 4717 1709 4726 -
1725 4716 1741 4726 -
1757 4688 1877 4737 καταλιπ.
1893 4686 1984 4755 Πίτρηι

1201 4769 1453 4840 προσπεφοιτήιιασιν
1463 4768 1508 4833 [al.
1520 4784 1583 4822 cum
1593 4775 1709 4831 nostro).
1726 4769 1760 4822 In
1769 4768 1862 4823 Hom.
1873 4767 1909 4823 ci.
1919 4767 1984 4838 XX,

1205 4856 1244 4909 17,
1256 4860 1351 4907 ἐκείνου
1364 4858 1487 4907 δὲταῦτα
1498 4857 1668 4923 προλίχοντος
1679 4858 1739 4922 'W
1757 4859 1793 4906 Τί
1801 4857 1845 4906 νῦν
1861 4854 1984 4924 (corrige

1204 4958 1238 4995 ex
1250 4946 1349 4995 nostro
1362 4930 1418 5009 σόν)
1430 4958 1472 4993 σοι
1483 4946 1508 4991 λιι
1520 4943 1565 5006 τής
1577 4939 1676 4992 τοιαότ.
1687 4942 1805 5009 μηχ.ίστῖ
1816 4938 1938 5008 (corrige
1951 4955 1984 4993 cx

1203 5032 1300 5081 nostro
1318 5030 1398 5090 ἕσται)
1415 5028 1517 5094 κερδοςς
1537 5024 1631 5077 Etiam
1647 5023 1759 5094 reliqna
1774 5023 1862 5093 plane
1884 5040 1985 5078 convo·

1204 5110 1299 5178 niunt3
1313 5117 1448 5165 extrema:
1460 5109 1665 5178 προσφυγόντ[ες
1675 5112 1711 5177 τῷ
1721 5111 1823 5180 Πέτρῳ]
1837 5127 1937 5178 συνερχ.
1951 5125 1984 5163 cx

1204 5202 1301 5250 nostro
1316 5193 1526 5250 confirmantur.

1650 5320 1680 5366 12
