4756 6194
396 402 450 449 111

1956 538 1971 570 Ρ
1997 560 2003 571 .

403 590 483 649 XIV.
507 589 664 662 Reliquiae
688 591 756 646 octo
783 587 920 646 codicum
942 584 1126 644 Graecorum
1155 583 1316 643 uncialium
1338 602 1398 643 non
1420 585 1645 661 rescriptorum,
1676 602 1802 658 quorum
1822 602 1898 643 unus
1971 547 1996 579 κ

507 674 612 748 quinti,
628 690 705 732 unus
721 672 849 748 septimi,
865 687 942 730 unus
959 670 1073 745 octavi,
1089 687 1165 728 nnus
1180 668 1251 727 noni
1266 669 1315 727 vel
1330 669 1452 746 decimi,
1467 686 1544 728 unus
1559 669 1659 727 octavi
1675 670 1724 727 vel
1739 670 1823 745 noni,
1840 670 1899 730 duo

506 758 613 817 decimi
629 759 677 815 vel
692 757 841 816 undecimi
858 756 971 815 saeculi
991 796 1898 813 ..................
1924 759 2046 815 11-12

421 845 485 902 XV.
508 843 596 902 Folia
611 843 806 918 palimpsesto
824 844 863 899 52
880 846 970 911 (num.
989 838 1033 916 1),
1055 840 1125 898 item
1141 840 1202 898 alia
1220 842 1255 896 11
1273 838 1363 914 (num.
1381 836 1426 914 2),
1447 856 1572 913 quorum
1592 839 1673 913 prior
1689 843 1838 918 scriptura
1854 845 1900 900 est

507 928 644 1002 Syriaca,
658 928 755 985 altera
768 925 919 1001 Georgica
936 923 1007 1001 (non
1017 923 1219 1001 Armeniaca).
1248 923 1323 983 Sunt
1334 923 1479 996 reliquiae
1491 923 1641 982 variorum
1654 925 1790 986 codicum
1799 925 1899 999 Syria-

507 1030 609 1071 00111
629 1030 740 1088 magna
760 1011 940 1085 antiquitate
962 1010 1131 1085 insignium.
1166 1009 1298 1068 blaxima
1316 1025 1389 1083 pars
1408 1009 1448 1066 ad
1467 1009 1671 1067 recensionem
1690 1013 1791 1071 textus
1810 1027 1899 1068 evan·

506 1097 652 1174 galiorum
672 1097 802 1172 pertinet
822 1093 880 1153 huc
900 1112 995 1168 usque
1016 1095 1214 1170 incognitam,
1237 1093 1296 1151 1111
1316 1092 1396 1167 quod
1417 1093 1512 1151 codex
1531 1111 1586 1168 pro
1606 1094 1672 1169 ipsa
1693 1097 1842 1172 scriptura
1862 1112 1899 1153 ex

505 1181 781 1255 Hierosolymitano
793 1197 905 1256 genere
918 1182 973 1253 est,
988 1179 1073 1237 euius
1085 1178 1321 1254 evangeliarium
1331 1178 1443 1236 Romae
1457 1183 1602 1236 servatur.
1625 1178 1782 1240 Accedunt
1794 1181 1900 1239 num.3

506 1268 578 1326 t'olio
595 1267 654 1325 duo
671 1266 803 1324 eiusdem
816 1264 958 1341 Ceorgiei
975 1263 1088 1323 codicis
1104 1264 1219 1337 absque
1235 1262 1404 1336 antiquiore
1420 1263 1570 1337 scriptura
1582 1264 1741 1337 Syriaca.
1787 1308 1794 1323 .
1839 1307 1846 1321 .
1892 1307 1899 1321 .
1968 1267 2005 1324 13

404 1353 485 1413 XVI.
512 1356 538 1410 1.
551 1350 655 1411 Codex
666 1350 816 1409 Arabicus
833 1350 933 1408 octavi
949 1348 1076 1424 saeculi,
1094 1348 1122 1405 in
1140 1365 1198 1422 quo
1214 1351 1336 1423 praeter
1350 1346 1519 1422 fragmenta
1534 1347 1729 1423 epistularum
1744 1348 1900 1409 111110111-

505 1454 576 1512 nos,
598 1436 637 1495 ad
653 1433 824 1495 Corinthios
840 1433 992 1493 secundae
1007 1437 1038 1492 et
1053 1432 1091 1492 ad
1107 1433 1265 1492 Hebraeos
1285 1432 1420 1507 integrae
1441 1431 1589 1491 habentur
1603 1439 1734 1509 utraque¹
1746 1435 1786 1494 ad
1801 1433 1900 1493 Timo-

505 1518 1070 1597 1110111,11111111,111Ρ111101101011.
1097 1519 1229 1576 Numero
1246 1517 1378 1575 seeundo
1394 1517 1542 1575 accedunt
1557 1516 1726 1593 fragmenta
1741 1520 1810 1579 libri
1821 1519 1850 1576 N
1853 1519 1901 1577 ovi

506 1605 695 1664 Testamenti
710 1603 877 1680 apocryphi
894 1604 1021 1661 maxime
1038 1603 1168 1679 insignia
1185 1602 1339 1660 notatione
1356 1602 1426 1659 anni
1441 1620 1470 1677 p.
1487 1601 1556 1661 Chr.
1575 1604 1645 1660 885.
1681 1646 1688 1659 .
1734 1648 1741 1662 .
1787 1648 1793 1661 .
1840 1647 1847 1659 .
1893 1606 2048 1665 .13-14

400 1690 496 1750 XVII.
508 1691 654 1751 collectio
672 1690 806 1748 codicum
820 1689 1037 1747 llebraieorum
1053 1692 1083 1747 et
1093 1688 1300 1761 Arabicorum,
1317 1686 1475 1744 maximam
1490 1692 1607 1762 partem
1619 1687 1777 1760 Hebraicis
1794 1690 1901 1749 litteris

508 1776 563 1836 sed
579 1775 682 1851 lingua
696 1774 828 1832 Arabica
845 1774 1023 1848 scriptorum
1038 1772 1166 1830 necdum
1181 1772 1329 1830 editorum
1364 1814 1899 1832 ...........
1925 1777 2048 1834 14-16

449 1860 486 1919 Α.
510 1859 724 1920 Talmndici.
751 1857 1003 1933 1.Compendium
1017 1857 1089 1915 inris
1098 1856 1267 1914 Talmudiei
1281 1859 1403 1913 arrctore
1413 1854 1520 1931 Chajin
1530 1857 1588 1914 hen
1599 1856 1719 1919 Samuel
1727 1859 1900 1918 Tudelensi.

510 1945 613 2006 Codex
629 1944 760 2018 scriptus
776 1947 823 2002 est
838 1960 916 2000 anno
930 1939 1041 2000 Christi
1055 1944 1145 2001 1461.
1176 1944 1205 1998 1.
1218 1938 1340 2000 Scholia
1356 1940 1395 1998 ad
1410 1945 1557 2000 tractatus
1569 1941 1762 2003 Talmudicos
1778 1948 1901 2003 auctore

507 2028 625 2089 Ascher
639 2029 798 2087 Toletano.
831 2027 934 2086 Codex
951 2028 1080 2102 scriptus
1097 2031 1142 2084 est
1159 2043 1237 2084 auno
1254 2024 1365 2085 Christi
1379 2029 1469 2085 1364.
1499 2030 1528 2084 3.
1542 2026 1585 2102 (1)
1599 2026 1702 2086 Codex
1717 2028 1899 2105 philosophi-

507 2132 575 2191 cus,
597 2114 626 2171 in
643 2131 702 2187 quo
719 2113 820 2171 insunt
835 2112 948 2187 logica,
969 2110 1192 2186 metaphysica,
1212 2109 1349 2185 physica.
1385 2109 1602 2188 (Corrigendus
1623 2112 1713 2189 igitur
1729 2118 1775 2172 eat
1790 2118 1900 2192 textus,

507 2201 537 2258 in
554 2217 613 2273 quo
629 2198 707 2255 hunc
724 2198 859 2256 codicem
874 2196 1166 2271 praestantissimum
1180 2194 1346 2253 Karaiticis
1361 2195 1644 2273 adnumeravimus.)
1681 2242 1899 2256 .....

450 2285 485 2343 Β.
509 2283 702 2342 Karaitici.
741 2287 766 2340 1.
781 2282 825 2357 (2)
839 2281 965 2340 Cantica
980 2280 1147 2338 Karaitiea.
1184 2282 1212 2336 2.
1226 2278 1270 2356 (3)
1282 2280 1401 2338 Rituale
1417 2281 1604 2339 Karaiticum
1620 2300 1686 2341 cum
1701 2283 1901 2359 epithalamiis

507 2371 536 2428 3.
551 2370 594 2445 (4)
607 2366 800 2426 Midraschim
815 2371 891 2425 tres:
909 2366 945 2423 de
957 2364 1139 2440 Abrahamo,
1157 2365 1193 2422 de
1209 2364 1312 2422 decem
1328 2365 1521 2440 martyribus,
1538 2365 1574 2422 de
1591 2368 1672 2425 exitu
1687 2368 1900 2427 Israelitarum.

507 2457 537 2511 4.
551 2454 595 2525 (5)
608 2451 701 2511 Varia
717 2451 886 2527 fragmenta
898 2451 1079 2525 dogmatica.
1111 2453 1138 2507 5.
1153 2448 1357 2526 (6)Ηο1111110
1373 2452 1411 2508 10
1422 2449 1461 2508 ad
1475 2453 1515 2509 10
1527 2449 1654 2511 Genesis
1670 2456 1700 2511 01
1709 2453 1808 2511 Exodi
1824 2454 1900 2528 peri-

507 2555 609 2614 copas.
648 2539 675 2596 6.
694 2535 738 2613 (7)
755 2536 993 2595 Commentarius
1013 2535 1053 2593 ad
1074 2534 1214 2593 Genesin.
1256 2537 1283 2592 7.
1301 2533 1344 2609 (8)
1360 2533 1544 2611 Fragmenta
1563 2539 1842 2597 commentariorum
1861 2538 1901 2596 ad

507 2623 669 2697 pericopas
685 2619 827 2695 Genesis,
844 2620 956 2693 Exodi,
973 2619 1116 2694 Levitici,
1133 2619 1340 2677 Numerorum.
1380 2622 1408 2677 8.
1426 2618 1469 2694 (9)
1486 2619 1723 2681 Commentarius
1739 2623 1778 2680 ad
1793 2623 1901 2681 librum

507 2707 626 2766 101110.
657 2710 684 2766 9.
697 2705 762 2782 (10)
773 2705 984 2764 Commentarii
998 2704 1037 2762 ad
1052 2704 1199 2762 Psalmos.
1231 2707 1280 2763 10.
1294 2703 1359 2779 (11)
1371 2704 1555 2779 Fragmenta
1569 2708 1847 2766 commentariorum
1861 2707 1901 2767 ad

508 2793 620 2868 Ionam,
632 2791 670 2850 ad
681 2792 784 2850 lonam
796 2795 826 2848 et
834 2790 992 2866 Chadiam,
1003 2790 1043 2848 ad
1052 2786 1251 2863 Ezechielem,
1262 2789 1300 2847 ad
1308 2788 1483 2865 Proverbia,
1495 2789 1535 2848 ad
1544 2789 1657 2849 Iobum.
1683 2796 1730 2850 11.
1741 2790 1900 2869 (12)001·

507 2876 670 2936 mentarius
686 2876 724 2934 ad
739 2875 879 2934 Threnos
939 2917 1898 2934 ...................
1924 2880 2047 2938 15-16

396 3103 449 3176 11
477 3110 562 3175 Pas.
583 3115 713 3174 17-77,
745 3125 1341 3175 011110111111111111100010111
1362 3125 1766 3177 mscnnnnonrmnonun
1787 3129 2046 3179 011110111011

827 3227 1298 3276 11111111111111111111111
1315 3227 1386 3275 cun
1403 3229 1612 3277 necnnmcn.

1112 3368 1148 3428 Δ.
1185 3381 1330 3429 cunnos.

399 3487 434 3545 ln
455 3491 529 3545 nota
549 3487 708 3561 exponitur
728 3486 765 3544 de
786 3485 889 3543 codice
905 3484 1252 3559 Friderico·Arrgustano
1273 3487 1303 3542 et
1322 3484 1359 3542 de
1376 3484 1560 3544 cod.'Tisclr.
1576 3486 1610 3561 I.,
1632 3487 1681 3560 qui
1699 3493 1824 3562 uterque
1840 3488 1900 3548 iam

554 3589 632 3629 anno
652 3573 741 3629 1645.
758 3570 857 3628 editus
873 3574 942 3628 est.
995 3612 1900 3632 ..................
1968 3577 2005 3634 17

401 3656 485 3716 Cod.
506 3654 626 3714 Tisch.
647 3655 684 3712 Il.
708 3656 935 3730 palimpsestus,
960 3655 1124 3729 rescriptus
1144 3653 1283 3711 Arabica.
1327 3653 1421 3712 Foliis
1444 3658 1481 3713 17
1502 3653 1672 3731 fragmenta
1691 3657 1899 3736 Nummorum,

552 3740 792 3815 Deuteronomii,
813 3739 936 3814 losuae,
958 3739 1091 3797 Indicum
1112 3739 1314 3814 continentur,
1335 3740 1503 3814 nuperrime
1522 3741 1604 3800 edita
1619 3742 1740 3802 anobis
1760 3744 1790 3800 in
1805 3743 1898 3820 Frag-

552 3825 660 3884 mentis
680 3825 775 3883 sacris
795 3824 999 3899 palimpsestis
1014 3824 1033 3882 i.
1050 3841 1077 3882 e.
1093 3823 1243 3882 volumine
1258 3823 1281 3880 I.
1296 3823 1554 3884 Monumentorum
1570 3843 1647 3885 sacr.
1664 3827 1743 3885 ined.
1773 3828 1900 3902 Reliqua

552 3908 625 3968 folia
646 3910 790 3985 quinque,
816 3925 940 3984 quorum
961 3909 1109 3983 scriptura
1129 3908 1282 3966 saeculum
1302 3908 1381 3967 idem
1401 3927 1467 3968 cum
1485 3910 1635 3987 prioribus
1655 3912 1675 3969 i.
1697 3929 1722 3970 e.
1744 3913 1900 3988 septimum

554 3993 664 4069 prodit,
681 3995 721 4053 ad
737 4012 813 4069 opus
827 3992 1015 4069 grammatici
1032 3993 1200 4069 argumenti
1216 3991 1286 4050 olim
1297 3994 1513 4067 pertinuerunt.
1543 3995 1707 4055 Praeterea
1718 3997 1748 4055 in
1761 3997 1900 4072 margini·

554 4079 609 4138 hus
626 4077 741 4138 scholia
757 4079 897 4155 leguntur
911 4078 1018 4137 eadem
1034 4095 1100 4136 cum
1116 4082 1200 4136 textu
1216 4077 1397 4152 antiquitate
1409 4096 1590 4155 quamquam
1601 4081 1662 4140 alia
1674 4100 1763 4140 mann
1775 4082 1899 4157 scripta.

552 4163 731 4238 Explicatur
751 4163 841 4223 etiam
858 4161 895 4220 de
910 4162 1050 4221 Arabicis
1071 4162 1192 4221 saeculo
1212 4166 1246 4220 ut
1263 4162 1384 4222 videtur
1403 4182 1482 4223 nono
1502 4180 1594 4241 supra
1613 4166 1742 4241 seriptis.
1787 4167 1900 4225 Horum

552 4248 703 4323 specimen
721 4249 757 4307 cl.
773 4246 965 4306 Fleischerus
982 4246 1223 4306 commentationi
1239 4264 1312 4306 snae
1328 4249 1447 4308 001000
1463 4248 1614 4310 indicatae
1630 4250 1741 4309 adiecit
1786 4294 1793 4308 .
1839 4294 1846 4307 .
1891 4254 2046 4313 .17-19

325 4378 329 4387 .
400 4331 482 4393 Cod.
499 4332 620 4392 Tisch.
637 4333 690 4390 111.
711 4337 853 4408 quattuor
869 4332 949 4391 foliis
963 4332 1167 4407 palimpsestis
1183 4336 1315 4407 constat,
1335 4338 1463 4409 utraque
1483 4335 1632 4410 scriptura
1647 4335 1778 4412 Graeca,
1799 4336 1899 4411 priore

551 4418 720 4494 argumenti
745 4417 894 4493 patristici
921 4418 1073 4475 saeculum
1099 4434 1222 4492 nonum,
1251 4417 1347 4476 altera
1372 4418 1513 4494 liturgica
1537 4419 1743 4479 duodecimum
1768 4439 1841 4496 prae
1867 4440 1899 4481 se

1958 3443 2006 3484 Peg.

552 4502 667 4561 ferente
677 4544 1898 4566 ........................
1924 4509 2048 4568 19-20

398 4585 483 4647 Cod.
500 4586 619 4646 Tisch.
635 4588 687 4647 lV.
709 4588 804 4647 codex
825 4591 968 4662 quattuor
988 4586 1213 4662 evangeliorum
1232 4586 1349 4662 integer
1365 4605 1431 4646 cum
1446 4586 1659 4647 additamentis
1679 4590 1828 4669 pluribus,
1849 4592 1899 4653 de-

551 4673 627 4731 cimo
640 4674 762 4732 saeculo
775 4673 914 4747 scriptus.
937 4672 1109 4730 Affernntur
1121 4671 1189 4729 inde
1205 4671 1354 4746 primum
1370 4672 1506 4746 exempla
1518 4674 1672 4745 synaxarii
1685 4679 1716 4734 et
1727 4676 1898 4755 menologii,

550 4761 622 4815 tum
642 4761 724 4817 totus
739 4757 897 4833 Hippolyti
913 4756 1052 4816 Thebani
1068 4757 1105 4815 de
1120 4756 1302 4833 genealogia
1317 4756 1431 4814 Mariae
1452 4756 1586 4835 libellus,
1609 4760 1721 4819 tertio
1737 4761 1805 4821 loco
1820 4779 1898 4822 eom·

515 4845 517 4848 ’
551 4848 677 4917 paratur
696 4842 826 4918 epistula
846 4842 969 4901 Eusebii
989 4842 1029 4900 ad
1048 4841 1230 4917 Carpianum
1250 4858 1316 4899 cum
1335 4841 1415 4899 edito
1436 4840 1621 4901 Lachmanni
1643 4848 1742 4922 textu,
1767 4851 1898 4921 quarto

551 4927 732 4986 exscribitur
747 4944 938 5004 programma
954 4927 1033 5002 quod
1051 4927 1159 4985 dicitur
1175 4925 1212 4983 de
1228 4926 1387 5001 evangelio
1403 4943 1469 4984 cnm
1486 4928 1668 5005 appendice,
1685 4931 1811 5005 quinto
1827 4932 1897 4990 affe·

550 5015 655 5070 rnntnr
665 5029 772 5071 versus
784 5013 813 5069 in
825 5011 1010 5072 Matthaenm
1021 5012 1134 5087 scripti,
1151 5011 1221 5069 item
1233 5009 1284 5068 alii
1299 5011 1328 5067 in
1340 5011 1483 5087 Marcum,
1500 5011 1530 5069 in
1541 5012 1665 5090 Lucam,
1682 5016 1711 5073 in
1723 5015 1895 5094 Iohannem,

550 5112 616 5154 oum
635 5097 714 5156 notis
735 5097 772 5156 de
793 5097 919 5173 singulis
942 5097 1118 5173 evangeliis.
1159 5094 1323 5169 Denique
1345 5096 1433 5171 plura
1455 5096 1593 5158 lectionis
1616 5103 1753 5177 exempla
1771 5119 1810 5160 ax
1830 5102 1896 5177 ipso

551 5182 776 5258 evangeliorum
789 5186 874 5241 textu
890 5182 1080 5257 adponuntur
1095 5222 1894 5244 ................
1919 5188 2043 5248 20—29
