4756 6194
361 402 404 468 54

424 607 490 690 Εἶχε
504 605 551 672 καί
565 609 661 691 ἑτέρας
674 607 842 692 ὑπογραφάς
854 608 973 684 ταότας·
988 609 1004 675 ό
1019 608 1150 681 ταπεινός

361 738 563 820 μητροπολίτης
575 735 720 820 Σάρδεων,
740 739 857 822 ἔξαρχος
871 736 964 820 πάσης
977 740 1089 811 Λυδίας
1102 734 1150 802 καὶ

362 863 508 946 ὑπερτηιος
525 870 557 928 Γ
553 864 689 948 ρηγόριος·
711 864 727 931 ό
746 868 906 949 Δυρραχίου
926 864 1057 939 ταπεινός
1078 871 1110 929 Γ
1105 892 1149 948 ριγ

362 990 463 1075 γόριος·
478 991 494 1057 ό
508 992 639 1064 ταπεινὸς
651 996 851 1076 μητροπολίτης
861 994 1089 1076 Λακεδαιμονιους
1102 987 1150 1056 καὶ

362 1119 508 1203 ὑπερτιμος
521 1125 641 1193 Νεῖλος·
654 1120 671 1186 ό
685 1123 886 1205 μητροπολάτης
898 1120 1044 1186 Μαδίπων
1057 1147 1150 1186 ταπει-

363 1247 412 1321 νδς
420 1247 531 1313 Ἰσαάκ·
547 1246 563 1314 ὁ
578 1248 708 1321 ταπεινός
720 1248 1088 1333 μητροπολιτηςΜηθόμνης
1102 1247 1150 1313 καὶ

363 1374 509 1459 ὑπερτιμος
537 1379 706 1460 Μαλαχίας·
739 1376 755 1440 ὁ
787 1375 919 1450 ταπεινός
949 1378 1151 1460 μητροπολίτης

364 1506 494 1587 Βιτζίνης
506 1502 554 1568 καί
567 1504 713 1587 ὑπιρτηιος
728 1505 887 1587 Μακάριος.

428 1632 494 1716 Εἶχε
508 1629 556 1695 καί
570 1630 691 1698 ὄπισθεν
705 1631 737 1698 τό
751 1632 856 1715 Ἐδόθη
870 1630 945 1698 κατά
959 1638 1033 1715 μῆνα
1041 1630 1151 1714 Λόγου-

365 1784 432 1825 στον
446 1764 495 1842 τῆς
509 1758 609 1841 ίνάτης
622 1761 787 1833 ι’νδικτιώνος
800 1764 851 1825 τοῦ
866 1768 969 1843 ,ςωμθ
984 1760 1062 1832 ἔτους
1071 1756 1106 1844 ¹).

428 1887 501 1951 Ελια
519 1887 573 1970 εἶχε
590 1885 638 1952 καὶ
656 1886 821 1972 ὑπογραφίην
838 1892 888 1954 τοῦ
901 1889 1032 1964 Κυζόιου,
1055 1911 1151 1971 προχο

365 2015 505 2099 γραφότος
527 2011 575 2078 καλ
596 2019 695 2080 ταῦτα.
741 2015 783 2082 Οό
804 2011 975 2098 συνεκλὺθην
995 2013 1045 2100 τὴν
1063 2011 1151 2099 ἀρχὴν

365 2145 404 2216 είς
418 2142 450 2210 τό
465 2142 583 2208 ἀκοῦσαι
594 2141 644 2226 τὴν
656 2142 793 2208 ὑπόθεσιν
803 2141 859 2225 πρὸ
871 2148 921 2226 τῆς
931 2142 1060 2208 συνόδου·
1076 2141 1150 2209 ἀλλά

365 2268 414 2336 καὶ
432 2271 461 2335 ἐν
479 2268 1152 2354 τῇσιυόδφκληθεὺτοςμουκαλπροενεγκόντοι

365 2398 428 2464 τινά
453 2397 604 2482 γράμματα
631 2398 670 2470 είς
695 2397 728 2464 τό
756 2397 987 2482 ἀναγνωσθῆναι,
1015 2396 1066 2465 ουὀι
1092 2397 1152 2464 ἀνι·

365 2526 490 2611 γνιόσθη.
508 2525 579 2610 μετά
598 2524 628 2590 δὲ
641 2525 691 2610 τὴν
705 2529 792 2608 κρίσιν
806 2525 890 2591 πάλιν
904 2525 954 2591 οὑκ
973 2524 1093 2609 ε’κλυγθην
1111 2525 1151 2600 είς

365 2654 415 2740 dp
435 2653 632 2736 συνδιάσκεψιν
654 2658 704 2719 τοὺ
722 2655 875 2737 γραφέντος
888 2653 985 2736 τόμον·
1007 2652 1055 2718 διά
1068 2657 1151 2719 τοῦτο

367 2783 416 2849 οόκ
433 2782 562 2865 ι’γθελησα
580 2780 746 2865 ὑπογράψαι
760 2782 800 2855 εἰς
813 2780 862 2848 τόν
874 2781 960 2864 τόμον
973 2780 1003 2846 όν
1017 2785 1058 2861 τῷ
1072 2778 1151 2862 τόπῳ

365 2937 425 2993 μου.
440 2905 500 2975 ἐπεὶ
512 2905 543 2974 δὲ
556 2905 604 2974 καὶ
618 2909 715 2993 συνίβη
729 2909 844 2992 ἐνεγκεῖν
856 2935 903 2991 μοι
915 2907 995 2982 τινάς
1007 2907 1074 2992 μίρη
1087 2907 1152 2974 τινά

367 3035 426 3104 ἀπό
454 3039 511 3101 τόν
536 3035 758 3120 συγγραμμάτων
784 3040 834 3104 τοὺ
860 3034 1026 3118 τηιιοτάτου
1050 3035 1152 3119 ιἐρομο

366 3159 453 3249 νάγου
471 3162 952 3248 ιιυρίουΓρηγοριόυτοῦΠαλαμά,
969 3155 1152 3247 ἦσανδὲιια-

366 3291 609 3377 ρακεχοραγμίνοι,
627 3287 668 3365 ἀς
682 3284 798 3373 ιἰστερον
816 3288 883 3357 ι’δοόν
900 3286 949 3355 καί
962 3289 1101 3375 ἀναγνοὺς
1113 3289 1153 3358 τιλ

366 3419 469 3485 ἐκείνου
495 3416 698 3503 ουγγράρριατιτ
722 3417 833 3500 ἔμαθον
857 3417 907 3502 τὴν
929 3415 1082 3501 ἀληθειαν,
1103 3413 1152 3484 καλ

367 3547 478 3628 ἔμαθον
494 3541 539 3612 ότι
556 3544 586 3610 ἐν
603 3549 674 3612 πάσι
687 3545 824 3629 σὺμφοινά
838 3546 890 3611 εἰσι
903 3557 962 3618 τοῖς
976 3543 1065 3629 άγίοις
1078 3545 1152 3629 ἀκρι·

366 3678 424 3758 βάς
448 3671 524 3739 κατά
549 3671 661 3739 πάντα·
688 3669 832 3737 ἀλλὰκαὶ
854 3672 920 3746 τοὺς
939 3673 1037 3756 λόγους
1058 3673 1151 3739 αὑτῶν

367 3801 500 3875 άκοόσας,
521 3796 570 3865 καλ
590 3799 692 3874 αότοὺς
712 3800 876 3884 συμφώνους
894 3795 972 3884 ιὺρον
991 3813 1050 3874 τοῖς
1064 3800 1152 3886 άγίοις

366 3928 441 3995 κατά
461 3929 564 3994 πάντα.
585 3927 632 3992 διά
644 3932 728 3995 τουτο
743 3929 799 4011 ἰδίη
821 3929 860 4001 εἰς
872 3931 1026 4012 μαρτυρίαι·
1040 3926 1088 3993 καί
1103 3929 1151 3994 ἀσ-

365 4056 484 4139 φάλειαν
504 4059 554 4138 τῆς
574 4054 714 4145 ἀλαθεία
733 4060 790 4119 *ὧν
808 4055 959 4139 λιιοιθωι
977 4053 1025 4121 καὶ
1040 4083 1152 4140 tutu

364 4186 454 4267 μένων
472 4181 528 4249 ὑπό
549 4208 580 4248 τε
602 4186 652 4247 τοῦ
674 4181 839 4264 τιμιωτάτου
862 4183 1041 4267 ίερομονάχου
1058 4186 1151 4266 κυρίου

365 4316 397 4375 Γ
392 4312 519 4396 ρηγορίον
538 4315 589 4377 τοῦ
607 4312 739 4393 Παλαμά
759 4307 807 4374 καί
825 4314 881 4375 τῶν
899 4314 1004 4375 λοιπῶν
1021 4316 1152 4396 μοναχάν

364 4435 526 4522 ὑπίγραψα
544 4435 593 4503 διὰ
611 4433 641 4502 δὲ
658 4441 709 4522 τῆς
722 4436 809 4504 αὑτοῦ
825 4436 915 4521 χειρός
934 4437 968 4503 τὸ
986 4436 1002 4504 ό
1021 4437 1152 4512 ταπεινός

364 4565 565 4649 ειτοοτοῆτυε
577 4566 701 4642 Κυζίκου
714 4561 917 4646 tamum)
931 4566 1047 4649 ἕξαοιοι
1057 4565 1152 4649 τάσις

362 4690 567 4775 Ἑλλησπόντου
578 4691 763 4765 Ἀθανάσιος.

427 4819 494 4905 Εἶχε
507 4815 556 4884 καὶ
569 4818 702 4885 κάτωθεν
713 4819 934 4903 προσηρτημένον
946 4819 979 4886 τό
989 4818 1061 4902 μετά
1073 4847 1151 4894 τινας

363 4945 478 5030 χρόνους
503 4945 647 5031 γινόμενον
674 4945 788 5031 γράμμα
811 4946 892 5031 παρὰ
914 4951 972 5012 τόν
993 4948 1151 5030 ἱερωτάτων

363 5131 370 5141 ·
467 5129 487 5199 ¹)
504 5127 539 5182 Id
551 5134 596 5185 est
606 5145 681 5184 anno
694 5129 792 5183 mundi
804 5130 879 5197 6849,
892 5130 951 5183 sive
965 5128 1072 5184 Christi
1084 5129 1158 5184 1341.

1217 611 1365 695 ἀρχιεριόιν
1386 610 1447 695 περὶ
1468 614 1518 676 τοὺ
1541 617 1683 678 συνοδικοὺ
1704 612 1802 679 τούτου
1819 612 1905 694 τόμον
1924 612 2003 695 λόγον

1216 737 1317 814 οὑτως·
1339 741 1496 822 Στίργομεν
1517 737 1565 803 καὶ
1585 739 1786 823 ἀποδεχόμεθα
1805 738 1855 822 τὴν
1873 736 1936 822 περὶ
1954 743 2004 822 τῆς

1216 867 1356 952 εὐσεβείας
1376 869 1462 950 κρίσιν
1482 864 1530 932 καὶ
1552 866 1698 951 διάγνωσιν
1718 864 1766 932 καὶ
1787 866 1933 950 ἀπόφασιν
1953 870 2004 949 τῆς

1216 996 1336 1079 μεγάλης
1357 995 1458 1078 ἐκείνης
1475 993 1604 1069 συνόδου,
1625 994 1694 1060 καθ’
1710 994 1744 1078 ἣν
1758 994 1940 1078 προεκάθητο
1953 990 2003 1059 καλ

1216 1122 1233 1189 ό
1263 1123 1495 1207 τρισμακάριστος
1520 1120 1569 1188 καὶ
1597 1120 1674 1206 ἀγιος
1693 1122 1770 1206 ἡμῶν
1792 1122 1933 1206 αι’»θεὺτης
1951 1117 2002 1187 καὶ

1216 1251 1355 1334 βασιλεός·
1380 1249 1429 1315 καὶ
1455 1249 1504 1317 τὸν
1529 1248 1575 1316 ini
1595 1248 1683 1332 ταίτη
1704 1250 1836 1334 γεγονότα
1856 1250 1941 1332 τόμον
1962 1248 2003 1323 ὡς

1216 1376 1292 1442 κατά
1312 1378 1410 1443 πάντα
1430 1378 1578 1461 συνήγορον
1598 1382 1647 1461 τῆς
1668 1378 1808 1462 εόσεβειας
1827 1375 1875 1443 καὶ
1897 1376 1952 1451 τάς
1973 1378 2003 1442 ίν

1219 1505 1295 1586 αὑτῷ
1314 1504 1472 1588 διαγνώσεις
1489 1503 1537 1569 καὶ
1556 1505 1716 1588 ἀποφάσεις
1728 1507 1874 1588 στέργομεν
1889 1505 1917 1569 ἐν
1931 1509 2003 1570 πάσι

1218 1630 1266 1697 καλ
1292 1632 1504 1717 ἀποδεχόμεθα·
1537 1632 1586 1698 τόν
1619 1631 1648 1697 δὲ
1679 1637 1830 1716 τηνικαῦτα
1854 1639 2002 1697 καταδικα-

1217 1761 1327 1826 σθέντα
1341 1759 1488 1844 Βαρλαάμ
1501 1759 1549 1825 καὶ
1563 1759 1628 1834 τοὺς
1641 1764 1726 1844 κρίσει
1739 1761 1860 1843 ἀληθινη
1879 1757 1926 1825 καλ
1941 1758 2001 1825 altu

1217 1888 1313 1968 κάστφ
1327 1887 1575 1972 ε’λεγχθησομεὺους
1589 1893 1737 1962 συνοδικσός
1757 1886 1795 1952 τά
1819 1887 1920 1953 ἐκείνου
1937 1912 2003 1971 φρο-

1217 2021 1334 2088 νοὺντιις
1354 2013 1402 2080 καὶ
1425 2014 1621 2099 άμεταυοίγτως
1642 2016 1757 2100 ἔχοντας
1776 2016 1806 2079 ἐκ
1823 2020 1915 2099 ψυχῆς
1933 2014 2004 2080 ἀπο·

1218 2143 1384 2227 βαλλόμεθα
1398 2140 1445 2207 καὶ
1460 2142 1691 2226 ἀποκηρύττομεν.

1281 2271 1348 2355 Εἶχε
1366 2275 1448 2336 τουτο
1466 2269 1499 2336 τό
1513 2269 1627 2353 γράμμα
1641 2269 1689 2335 καὶ
1702 2269 1870 2354 ὑπογραφάς
1882 2270 2001 2343 ταότος·

1218 2397 1235 2464 ὁ
1252 2397 1383 2470 ταπεινός
1399 2401 1599 2481 μητροπολίτης
1612 2401 1825 2482 ,Φιλαδελφείας
1839 2397 2002 2481 Μακάριος

1216 2525 1233 2593 ό
1260 2524 1390 2598 ταπεινός
1415 2527 1615 2608 μητροπολίτης
1642 2531 1782 2591 Παλαισῑν
1804 2526 1930 2609 Πάτρων
1955 2521 2003 2590 καλ

1216 2652 1364 2736 ὑπίρτιμος
1385 2652 1589 2736 Μητροφάνης·
1616 2651 1632 2717 ὁ
1653 2653 1784 2727 ταπεινός
1803 2654 2003 2736 μητροπολίτης

1219 2781 1381 2865 Μηθὺμνης
1404 2778 1452 2844 καί
1476 2780 1621 2863 ὑπίρτιμος
1642 2782 1810 2864 Μαλαχιας·
1836 2779 2004 2854 όταπεινδς

1216 2909 1417 2992 μητροπολάης
1433 2905 1550 2973 Ῥωσίου
1571 2904 1618 2972 καλ
1638 2906 1784 2990 ὑπίρτιμος
1801 2908 1966 2980 Θεόδουλος·
1986 2903 2003 2972 ό

1217 3034 1349 3110 ταπεινός
1363 3037 1565 3120 γογτροπολιτης
1581 3035 1698 3118 Βάρκης
1715 3031 1763 3099 καλ
1781 3033 1926 3117 ι’νιερτιμος
1943 3039 2002 3098 Με-

1217 3161 1329 3238 θόδιος·
1356 3159 1374 3229 ό
1402 3161 1532 3236 ταπεινὸς
1558 3166 1759 3245 μητροπολιτης
1786 3158 1833 3226 καὶ
1857 3160 2003 3244 ὑπερτιμος

1218 3293 1377 3376 Σηλυβριας
1387 3287 1524 3363 Ἠσαίας
1539 3289 1555 3356 ό
1569 3290 1699 3363 ταπεινός
1711 3291 1911 3373 μητροπολίτης
1919 3295 2002 3354 Διδυ·

1217 3420 1334 3503 μοτείων
1347 3414 1394 3482 καὶ
1407 3417 1553 3500 ὑπίρτιμος
1570 3417 1739 3501 Θεόληπτος.

1281 3546 1347 3629 Εἶχε
1361 3543 1408 3610 καὶ
1422 3544 1542 3611 ὄπισθεν
1560 3545 1593 3611 τό
1607 3551 1730 3611 τοιοῦτον
1744 3543 1857 3629 γράμμα
1871 3542 1924 3617 τάς
1937 3542 2002 3610 ὑπο

1218 3672 1331 3757 γραφὰς
1352 3672 1470 3747 ταόιας·
1489 3671 1506 3740 ό
1524 3672 1654 3745 ταπεινός
1667 3672 1867 3755 μητροπολίτης
1880 3672 1957 3749 Κυζ’

1216 3801 1405 3873 Ἀθανάσιος·
1433 3800 1450 3866 ό
1478 3802 1677 3885 μητροπολίτης
1702 3799 1847 3865 Μαδίπων
1874 3797 2003 3871 ταπεινός

1216 3929 1326 3993 Ἰσαάκ
1345 3926 1362 3994 ό
1376 3926 1506 4001 ταπεινός
1519 3929 1719 4010 μιγιροπολάης
1730 3926 1865 3998 Ἀλανίας
1878 3923 1926 3990 καὶ
1940 3931 2002 3990 Σοσ

1218 4056 1419 4139 τηριονπόλεως
1432 4052 1480 4119 κιά
1492 4054 1637 4156 ὑπεριιμος
1650 4056 1830 4136 Λαυρίντιος.

1281 4185 1347 4267 Ελχε
1364 4182 1397 4248 τό
1417 4180 1477 4248 ίσον
1494 4179 1583 4254 οὑτως
1600 4181 1642 4247 Τό
1657 4181 1748 4264 παρόν
1763 4178 1822 4246 ίσον
1837 4177 2003 4266 ἀντιβληθλν

1217 4309 1265 4376 καὶ
1279 4310 1355 4376 κατά
1374 4308 1471 4374 πάντα
1494 4308 1619 4386 εξισάζον
1638 4313 1678 4388 τῷ
1698 4308 1871 4392 πρατοτόπφ
1890 4304 2003 4391 εὑρεθὲν

1217 4437 1362 4523 ὑπεγράφη
1383 4434 1432 4501 καὶ
1451 4436 1517 4520 παρ’
1542 4435 1607 4518 ίμοό
1627 4435 1658 4500 δι’
1683 4436 1854 4519 ἀσφάλειαν,
1876 4435 1892 4502 ό
1911 4461 2003 4502 ταπει-

1218 4564 1267 4639 νός
1278 4566 1479 4648 μητροπολίτης
1490 4562 1618 4646 Σμόρνης
1631 4560 1679 4628 καλ
1692 4561 1837 4646 ὑπερτιμος
1844 4563 2002 4647 Μακάριος.

1281 4689 1436 4776 Sequitur
1458 4713 1556 4756 manu
1574 4690 1748 4776 posteriori
1770 4689 2002 4776 subscriptum:

1217 4817 1233 4887 ό
1252 4818 1383 4892 ταπεινός
1399 4820 1600 4902 μητροπολίτης
1616 4818 1738 4902 Ἐφίσου
1757 4818 1889 4902 Μάρκος·
1912 4818 2003 4896 Μάξι-

1216 4972 1269 5030 μος
1282 4945 1439 5030 Δωρόθεος
1450 4944 1568 5020 Ἰσάκιος
1582 4946 1743 5028 Διάμάτων
1752 4943 1788 5030 ¹),

465 5214 488 5283 ²)
504 5212 660 5271 Recentior
681 5214 854 5285 subscriptio
878 5218 1001 5269 testatur
1021 5214 1077 5271 hoe
1104 5215 1212 5270 codicis
1235 5213 1424 5288 fragmentum
1446 5214 1514 5270 olim
1535 5230 1570 5270 ex
1590 5213 1671 5271 libris
1691 5214 1857 5270 monasterii
1876 5211 2004 5269 sinaitiei
