4756 6194
978 444 1158 508 CODICES
1180 445 1347 510 GRAECI.
1957 448 1977 512 9

333 647 517 729 uncialium,
543 647 599 733 qui
621 645 683 711 soli
703 655 842 712 aetatem
867 644 1022 729 tulerunt,
1045 647 1267 712 tantummodo
1289 658 1356 713 tres
1380 646 1496 712 horum
1517 647 1662 713 locorum
1686 658 1810 714 textum
1834 650 1975 717 tradunt

218 785 225 794 ‘
333 775 457 839 Textus
473 784 582 839 autem
600 772 716 839 horum
735 774 991 859 fragmentorum
1012 775 1152 862 optimae
1166 783 1263 840 notae
1278 784 1337 840 est.
1380 775 1433 840 Ita
1446 773 1524 839 lolio
1540 777 1645 861 primo
1660 777 1690 858 3,
1706 776 1820 842 8-14.
1835 776 1885 842 bis
1902 800 1976 843 oum

333 902 447 967 codice
465 901 688 967 Alexandrino
709 900 801 965 facit:
823 925 854 966 v.
877 902 926 965 10.
947 901 1085 986 γενῆματα
1108 911 1140 966 01
1158 926 1188 967 v.
1210 903 1259 967 12.
1279 903 1328 987 τὴν
1347 907 1455 988 τρίβον,Ι
1481 912 1651 988 praeterea
1671 927 1701 968 v.
1718 903 1748 967 8.
1769 904 1811 971 διό
1829 913 1906 969 etv.
1924 906 1974 970 11.

316 1038 410 1115 wopa.
434 1031 511 1110 αὐτῷ
529 1029 604 1096 κατὰ
623 1039 683 1094 010.
708 1051 781 1094 cum
801 1030 975 1116 perpaucis
998 1029 1092 1094 codd.
1116 1028 1229 1111 habet3
1252 1052 1282 1094 v.
1301 1030 1349 1095 10.
1374 1032 1489 1114 θήσομεν
1512 1053 1586 1095 cum
1608 1030 1678 1095 solo
1693 1029 1853 1115 Eusebio,
1875 1056 1906 1096 v.
1924 1033 1974 1096 14.

334 1158 418 1230 αὐτὸς
439 1158 455 1223 ὁ
473 1158 563 1242 κέρως
583 1180 656 1221 cum
676 1155 746 1221 solo
761 1156 935 1243 Procopio.
977 1156 1061 1221 Item
1080 1155 1159 1221 lolio
1179 1155 1280 1222 altero
1301 1156 1331 1238 5,
1350 1157 1443 1221 2-7.
1465 1159 1573 1222 sexies
1593 1180 1666 1223 cum
1684 1156 1779 1223 Alex.
1799 1161 1974 1243 eonsentit3

332 1307 430 1371 porro
452 1308 482 1347 v.
498 1285 528 1347 4.
553 1283 599 1350 ἵνα
619 1286 719 1368 νιοιὴσρ
746 1280 837 1368 (item
857 1307 887 1348 v.
904 1282 947 1368 7.)
971 1306 1046 1349 cum
1064 1285 1178 1370 paucis
1199 1283 1294 1349 codd.
1315 1285 1391 1347 min.
1410 1292 1528 1365 tuetur,
1552 1284 1804 1350 assentientibus
1820 1284 1974 1372 Origene,

332 1411 465 1493 Basilio,
483 1409 728 1498 Chrysostomo‚
744 1421 820 1476 etv.
835 1411 865 1475 5.
880 1418 928 1478 νῦν
942 1407 997 1487 οὖν,
1012 1409 1263 1476 assentientibus
1278 1421 1408 1497 praeter
1423 1411 1623 1476 minusculos
1638 1410 1761 1498 aliquot
1775 1412 1889 1478 codiee
1897 1412 1974 1479 XII.

332 1537 420 1624 apud
434 1537 542 1603 Holm.
557 1538 591 1600 in
606 1539 752 1624 margine
768 1535 802 1621 (i.
820 1561 846 1602 e.
862 1536 1016 1602 Marcbal.
1035 1535 1196 1625 Vatican.)
1213 1547 1245 1603 et
1259 1537 1391 1603 Severo.

1117 1776 1192 1857 IX.

436 1945 532 2011 Folia
557 1944 806 2011 membranacea
832 1945 1085 2033 palimpsesta
1105 1948 1169 2010 tria
1196 1947 1231 2010 in
1251 1944 1293 2008 4⁰
1314 1967 1388 2009 cum
1402 1946 1594 2030 fragmentis
1618 1944 1778 2010 Graecis
1794 1945 1927 2012 alterius
1943 1958 1976 2013 et

332 2074 419 2137 tertii
437 2071 512 2138 libri
527 2074 661 2157 Regum.
706 2072 875 2160 Scriptura
894 2072 1030 2140 uncialis
1046 2096 1109 2161 qua
1124 2083 1258 2138 exarata
1273 2082 1348 2137 sunt
1364 2072 1506 2159 Coptum
1520 2072 1658 2154 redolet3
1682 2082 1835 2138 accontus
1850 2083 1975 2138 tantum

333 2223 399 2265 non
415 2199 596 2266 observavi.
634 2200 770 2264 Videtur
786 2202 893 2265 octavi
908 2200 1030 2266 saeculi
1045 2223 1128 2283 esse,
1143 2201 1206 2264 nisi
1222 2201 1306 2264 forto
1322 2200 1485 2286 antiquior
1499 2209 1563 2281 est3
1587 2210 1675 2265 certe
1691 2201 1777 2264 enim
1792 2202 1976 2287 inscriptio·

332 2350 390 2392 nes
413 2330 445 2393 in
468 2329 614 2414 margine
637 2328 805 2413 superiore
827 2327 991 2393 exhibitae
1014 2329 1236 2413 antiquitatem
1263 2337 1378 2392 octavo
1403 2327 1534 2392 saeculo
1556 2306 1802 2393 antecedentem
1823 2328 1974 2414 produnt.

334 2453 487 2520 Ceterum
510 2453 646 2520 Graecis
664 2453 861 2521 Armeniaca
881 2457 1132 2543 superimposita
1153 2463 1236 2518 sunt.
1281 2454 1363 2519 Sunt
1382 2463 1491 2518 autem
1510 2454 1694 2538 fragmenta
1711 2454 1806 2519 baec:
1834 2456 1855 2518 2
1872 2455 1974 2541 Regg.

332 2582 382 2664 22,
398 2582 533 2648 38-42.
548 2582 683 2647 46-49.
700 2580 751 2665 23,
772 2582 865 2647 2-5.
882 2584 994 2649 8-10.
1015 2584 1035 2647 3
1051 2582 1151 2667 Regg.
1169 2582 1217 2662 13,
1233 2581 1326 2646 4-6.
1343 2580 1456 2645 8-11.
1473 2582 1606 2646 13-17.
1622 2581 1757 2646 20-23.
1774 2582 1823 2664 16,
1839 2581 1974 2647 31-33.

334 2710 490 2792 17,1-5.
513 2709 627 2773 9-12.
649 2709 781 2774 14-17,
825 2709 879 2775 Ad
900 2711 1123 2774 recensionem
1145 2710 1308 2795 pertinent
1328 2731 1486 2794 perquam
1508 2709 1671 2793 antiquam
1691 2731 1711 2772 a
1731 2708 1891 2773 Vaticana
1909 2709 1975 2774 edi·

331 2837 419 2901 tione
434 2836 610 2901 admodum
625 2836 801 2918 diversam,
821 2838 968 2923 inprimis
989 2859 1062 2901 cum
1082 2834 1249 2901 codicibus
1265 2834 1425 2901 Holmesii
1439 2835 1481 2900 X.
1498 2847 1530 2901 et
1543 2811 1602 2899 Xl.
1619 2837 1883 2901 consentientem.
1925 2837 1977 2901 Ita

332 2963 409 3028 folio
429 2965 535 3050 primo
555 2986 614 3050 per
632 2965 760 3049 priores
781 2963 895 3028 decem
912 2986 1028 3029 versus
1050 2985 1123 3027 oum
1142 2973 1279 3048 utroque
1301 2972 1413 3028 contra
1432 2963 1481 3028 ed.
1497 2963 1589 3028 Rom.
1610 2962 1663 3027 bic
1684 2963 1788 3027 codex
1808 2972 1916 3027 tuetur
1930 2962 1977 3029 nal

332 3094 365 3157 oi
386 3091 422 3176 μὴ
445 3092 619 3167 ἀναστῶσιν,
642 3092 683 3156 ἔνι’
710 3093 764 3175 ἐμέ,
785 3090 834 3157 καὶ
855 3092 1007 3166 παιδεύων,
1029 3092 1117 3176 φόβον
1138 3095 1225 3165 θεοῦ,
1247 3094 1298 3158 καί
1316 3099 1390 3155 ante
1413 3092 1577 3165 ἀνατειῖαςς
1613 3091 1690 3154 item
1712 3113 1786 3154 oum
1806 3090 1924 3154 iisdem
1945 3100 1978 3154 et

332 3217 553 3284 Alexandrino
574 3219 606 3285 οὐ
624 3225 785 3303 νιαρῆλθενς
806 3220 884 3283 item
903 3219 1167 3300 inarwravops'rooc
1181 3239 1254 3282 eum
1268 3217 1312 3282 II.
1329 3214 1363 3304 (i.
1380 3241 1407 3282 e.
1425 3217 1537 3282 codice
1553 3214 1726 3303 Vaticano)
1743 3227 1775 3281 et
1790 3217 1848 3281 XI.
1866 3213 1975 3302 (Alex.

333 3344 591 3431 εἰιανισταριεθως),
614 3368 689 3411 cum
701 3344 796 3411 Alex.
818 3346 834 3412 ὁ
849 3347 919 3420 θεὸς
938 3345 953 3412 ὁ
972 3346 1075 3429 φύλαξ,
1098 3368 1171 3409 cum
1186 3344 1227 3407 X.
1248 3353 1281 3408 et
1295 3343 1389 3409 Alex.
1409 3343 1426 3412 ὁ
1445 3342 1527 3429 ἥλιος,
1548 3367 1621 3409 cum
1640 3343 1734 3409 Alex.
1755 3340 1835 3417 οὗτος
1854 3344 1869 3410 ὁ
1894 3345 1976 3418 οἶκος,

333 3495 405 3536 cum
425 3473 552 3538 duobus
571 3483 697 3538 tantum
717 3473 811 3538 codd.
833 3475 968 3538 minusc.
989 3473 1109 3555 diaspro,
1134 3474 1162 3537 ἐν
1182 3473 1347 3555 ἀνθρώποις
1366 3494 1440 3536 cum
1454 3493 1518 3535 nno
1534 3470 1695 3536 Holmesii
1709 3495 1758 3536 nr.
1774 3470 1836 3553 64,
1858 3471 1977 3544 ὁδιδοίς

333 3599 431 3682 solus,
447 3599 580 3686 reliquis
596 3602 686 3686 κύριος
699 3598 752 3665 vcl
767 3603 823 3686 κύρ.
839 3601 855 3667 ὁ
870 3601 939 3675 θεός
952 3598 1243 3687 praemittentibus.
1277 3597 1429 3664 Ceterum
1446 3598 1488 3662 ad
1503 3597 1562 3662 bos
1578 3597 1702 3683 Regum
1716 3596 1816 3663 libros
1832 3597 1975 3663 unciales

333 3727 426 3791 codd.
450 3737 581 3814 praeter
601 3727 762 3792 Holmesii
783 3727 825 3792 Π.
851 3724 985 3814 (Vatia.)
1005 3726 1065 3792 HI.
1095 3723 1217 3812 (Alex.)
1240 3726 1299 3790 XI.
1325 3722 1438 3811 (Basil.
1462 3722 1582 3811 vatic.)
1607 3735 1640 3790 et
1663 3720 1720 3809 (ad
1741 3726 1770 3790 2.
1794 3722 1910 3811 Regg.)
1933 3725 1975 3789 X.

333 3851 498 3940 (Coislin.)
513 3877 580 3919 non
595 3865 732 3920 exstant.
781 3854 982 3940 scripturam
1003 3854 1141 3919 similem
1164 3853 1223 3918 scd
1242 3853 1429 3919 accentibus
1449 3851 1580 3939 plenam
1598 3853 1673 3918 vide
1693 3853 1780 3940 apud
1798 3850 1974 3917 Montfauc.

332 3985 364 4045 in
379 3981 549 4067 Palaeogr.
568 3981 624 4047 Gr.
640 4005 671 4068 p.
686 3982 757 4046 224.

1129 4167 1180 4248 X.

438 4354 555 4421 Codex
569 4354 836 4421 membranaceus
854 4355 1025 4421 Graecus
1041 4355 1191 4419 foliorum
1212 4355 1252 4420 31
1268 4355 1303 4418 in
1316 4354 1356 4417 40
1369 4354 1499 4440 maj0ri,
1520 4352 1708 4418 minusculis
1723 4351 1838 4417 litteris
1855 4350 1976 4416 saeculi

332 4481 389 4546 XI.
406 4482 458 4547 vel
473 4483 514 4547 X.
533 4482 687 4549 Continet
702 4482 854 4549 Cassiani
868 4481 994 4547 libellos
1011 4483 1085 4547 duo.
1129 4482 1182 4547 Ad
1197 4484 1353 4568 priorem,
1374 4481 1465 4567 cujus
1481 4481 1607 4544 initium
1623 4481 1715 4544 110001
1730 4478 1857 4565 (incipit
1871 4478 1975 4544 codex

332 4634 352 4674 a
373 4609 483 4674 verbis
505 4617 649 4677 τελεῖσθαι
675 4613 703 4677 ἕν
728 4638 782 4678 τισι
808 4618 865 4677 τῶν
886 4615 1028 4696 κοινορίων
1049 4609 1124 4676 κατὰ
1145 4610 1194 4676 τὸν
1215 4609 1311 4692 καιρὸν
1326 4615 1375 4692 τῆς
1389 4610 1538 4682 ἑστιάσεως
1559 4608 1608 4674 ω’νκ
1629 4607 1687 4674 aiud
1709 4611 1759 4672 τοῦ
1781 4606 1897 4680 κανόνος
1919 4613 1976 4672 τῶν

332 4739 508 4821 Αἰγεστέων,
531 4739 590 4803 ἀλλ’
615 4738 674 4806 ἀπὸ
694 4736 765 4826 τῶν)
788 4760 907 4803 novem
930 4737 1009 4802 folia
1026 4738 1190 4823 pertinent
1210 4734 1292 4821 (exit
1311 4736 1419 4800 verbis
1438 4741 1472 4818 τῇ
1493 4733 1523 4801 δὲ
1537 4735 1647 4818 αὐξήσει
1659 4739 1716 4798 τῶν
1731 4735 1838 4817 ἀρετῶν
1852 4733 1868 4816 ἡ
1883 4744 1975 4800 καθα·

331 4865 412 4947 ριὸτρς
439 4869 488 4949 τῆς
514 4869 631 4949 καρδίας
655 4870 842 4951 προσγίνεται·
865 4871 899 4949 τῇ
921 4863 951 4931 δὲ
973 4865 1149 4950 καθαρότητι
1169 4869 1219 4947 τῆς
1239 4865 1356 4946 καρδίας
1375 4862 1393 4947 ἢ
1415 4861 1584 4945 ἀποστοίιιιίρ
1605 4861 1738 4944 τὺαιότρς
1758 4857 1974 4948 παραγίνεται),

332 4992 493 5076 posterior
515 5001 566 5056 est
588 4991 728 5076 περὶτῶν
749 4994 992 5078 ὀκτῶλονισμωνε
1016 4991 1068 5056 hic
1089 4992 1216 5076 integer
1239 4999 1289 5054 est
1310 4999 1447 5075 excepto
1470 4998 1610 5054 tractatu
1632 4998 1764 5070 octavo,
1786 4987 1878 5073 cujus
1899 4996 1975 5073 post

333 5117 432 5183 verba
457 5117 505 5184 καὶ
528 5119 580 5193 ἕως
605 5123 742 5203 cepeto
766 5121 970 5188 κατασκάπια·
996 5117 1044 5185 καὶ
1068 5119 1187 5204 μάρτυς,
1215 5116 1419 5182 desideratur
1443 5115 1528 5180 finis.
1585 5112 1700 5179 Codex
1725 5112 1809 5179 bene
1835 5123 1867 5178 et
1894 5115 1975 5179 scite

333 5247 471 5333 scriptus
492 5256 542 5312 est
560 5256 657 5333 atque
677 5270 698 5312 a
716 5257 900 5313 correctore
916 5247 1100 5314 duodecimi
1114 5246 1184 5311 lere
1200 5243 1321 5311 saeculi
1335 5246 1381 5309 ita
1394 5251 1610 5330 pertractatus
1626 5251 1660 5305 ut
1675 5238 1837 5328 duplicem
1851 5250 1976 5306 textum

1655 5366 1670 5411 a
