4756 6194
1923 385 1982 449 111

292 662 295 670 .
340 587 479 670 Ὀχοζίαν·
501 585 573 669 μετά
592 583 622 650 δέ
639 590 731 651 ταῦτα
750 586 910 652 ἀπολειπων
928 585 978 671 τήν
996 588 1164 670 λειτουργίαν
1182 590 1232 652 τοῦ
1245 587 1381 670 βασιλεως
1394 586 1607 670 προεφήτευσεν·
1631 583 1679 651 καὶ
1693 587 1795 652 θανών
1810 588 1899 671 ἐτάφη
1912 590 1984 671 μετὰ

340 718 396 778 τοῦν
409 715 539 795 πατερων
554 713 647 779 αὐτοῦ.

446 843 500 920 (H.
521 841 654 924 Ἀβδιοῦ
671 834 704 924 ήν
723 841 753 905 ἐκ
771 846 820 925 γής
833 843 935 926 Συχέμ,
951 840 1037 924 ἀγροῦ
1051 841 1246 924 Βηθαρχαάμ
1267 835 1347 914 οῦτος
1360 833 1393 925 ἐμ
1405 839 1537 925 μαθητής
1549 840 1648 914 Ἠλία,
1668 839 1716 907 καὶ
1730 842 1821 907 πολλά
1834 841 1985 926 ῦπομείνας

341 969 372 1034 δι’
394 967 480 1035 αύτδν
498 968 686 1052 περισώζεται.
710 963 791 1041 οῦτος
809 963 841 1052 ήν
855 967 871 1034 ό
886 970 979 1050 τρίτος
992 967 1241 1052 πεντηκόνταρχος,
1260 963 1437 1051 οῦέφείσατο
1450 968 1563 1041 Ἠλίας·
1583 966 1630 1032 καὶ
1644 970 1746 1054 κατεβη
1760 969 1831 1053 πρὸς
1842 969 1983 1055 Ὀχοζίαν·

341 1093 388 1161 καὶ
401 1096 473 1178 μετά
487 1101 579 1162 ταῦτα
594 1095 741 1161 ἀπολιπών
755 1095 805 1181 τήν
818 1099 986 1180 λειτουργίαν
1000 1101 1049 1161 τοῦ
1063 1097 1198 1180 βασιλείοις
1216 1094 1414 1180 προεφήτευσε·
1435 1090 1483 1157 καὶ
1502 1095 1644 1170 ἀπόθανε,
1663 1094 1711 1161 καί
1730 1094 1818 1180 ἐτάφη
1837 1098 1908 1180 μετά
1928 1104 1985 1164 τών

339 1226 470 1307 πατερων
485 1221 593 1308 αὐτοῦ.)

446 1358 479 1414 E.
500 1350 616 1423 Ἰωνᾶς
630 1350 688 1424 υίὸς
702 1351 819 1433 Ἀμαθή
833 1344 866 1433 ἐμ
881 1350 911 1413 ἐκ
929 1354 977 1434 γῆς
991 1348 1192 1433 Καριαθιαρέμ
1209 1352 1325 1433 πλησίον
1337 1351 1461 1427 Ἀζώτου
1479 1352 1586 1425 πόλεως
1605 1352 1680 1417 κατά
1694 1350 1861 1418 θάλασσαν·
1884 1350 1931 1418 καλ
1945 1355 1984 1418 ἐκ·

339 1477 478 1564 βρασθεές
491 1478 521 1543 ἐκ
535 1483 584 1543 τοῦ
598 1478 696 1562 κτήνους
709 1474 757 1542 καλ
772 1476 909 1542 ἀπελθών
923 1478 961 1550 εἰς
968 1483 1078 1559 Νηνευῒ
1087 1475 1135 1541 καὶ
1150 1477 1327 1560 ἀνακάμψας
1341 1478 1389 1543 οῦκ
1405 1480 1503 1561 ἔμεινεν
1518 1481 1556 1552 είς
1569 1477 1619 1563 τήν
1634 1484 1683 1562 γῆν
1694 1479 1788 1554 αῦτοῦ,
1805 1480 1878 1546 ἀλλά
1894 1507 1985 1564 παρα·

340 1605 436 1691 λαβών
454 1604 504 1689 τήν
517 1607 622 1688 μητίρα
637 1606 722 1670 αὐτοῦ
735 1604 901 1688 παρώκησεν
914 1602 964 1688 τήν
978 1603 1056 1686 Σοῦρ
1069 1604 1166 1688 χώραν
1179 1609 1236 1668 τῶν
1251 1604 1420 1686 ἀλλοφύλων.
1441 1607 1528 1689 ἔλεγεν
1542 1607 1596 1691 γάρ
1610 1603 1653 1672 ότι
1667 1604 1756 1680 οῦτως
1770 1607 1867 1689 ἀφελώ
1881 1606 1986 1682 ὄνειδός
2089 1602 2091 1606 ⁴

340 1761 405 1816 μου,
428 1731 471 1801 ότι
489 1730 649 1816 ἐψευσάμην
667 1732 862 1815 προφητεύσας
880 1731 955 1797 κατά
973 1737 1141 1814 Νηνευλτής
1158 1729 1273 1806 πόλεως.
1293 1725 1326 1816 ήν
1344 1731 1374 1798 δέ
1391 1733 1455 1798 τότε
1473 1734 1590 1817 ελέγχων
1607 1734 1710 1806 Ἠλίας
1728 1734 1777 1799 τὸν
1790 1732 1915 1820 Ἀχαάβ,
1937 1733 1985 1800 καί

339 1864 461 1934 κολάσας
474 1861 552 1944 λεμόν
567 1859 611 1926 ἐπὶ
625 1860 675 1944 τήν
689 1866 738 1944 γήν
753 1862 857 1944 ἔφυγεν.
871 1857 919 1924 καὶ
933 1858 1028 1924 ἐλθών
1041 1853 1117 1942 εὗρεν
1129 1857 1178 1942 τήν
1191 1860 1280 1943 χήραν
1293 1859 1364 1943 μετά
1378 1866 1427 1926 τοῦ
1441 1862 1500 1926 υἱοῦ
1520 1861 1617 1943 αὐτῆς·
1637 1861 1670 1927 οῦ
1688 1859 1741 1944 γάρ
1759 1861 1879 1945 ήδῦνατο
1897 1863 1985 1944 μεύειν

340 1989 411 2072 μετά
431 1986 631 2071 ἀπεριτμήτων.
646 1984 694 2052 καὶ
712 1987 856 2071 εὐλόγησεν
875 1984 974 2071 αι’τήν,
995 1985 1043 2052 καί
1061 1987 1192 2052 θανόντα
1210 1986 1260 2053 τόν
1278 1989 1337 2054 υίδν
1355 1988 1441 2071 αὐτῆς
1453 1989 1550 2053 Ἰωνάν
1564 1987 1648 2052 πάλιν
1662 1988 1692 2051 ἐκ
1706 1993 1808 2070 νεκρῶν
1822 1987 1838 2055 ό
1853 1988 1924 2063 θεός
1938 1991 1984 2056 διά

338 2121 388 2182 τοῦ
400 2117 487 2182 Ἠλίαν
501 2115 662 2198 ἀνέστησεν·
677 2115 813 2198 ήθελησεν
827 2115 881 2199 γάρ
896 2116 985 2190 δεῖξαι
999 2115 1075 2194 αἰτοῦ
1090 2111 1133 2179 ότι
1147 2114 1179 2180 οὐ
1193 2114 1308 2180 δῦναται
1324 2116 1486 2198 ἀποδρᾶσα
1502 2111 1573 2199 (sic,
1590 2112 1671 2179 alter
1686 2114 1757 2189 cod.
1772 2113 1827 2201 -ά-)
1843 2116 1922 2183 θεόν.
1937 2116 1984 2182 καὶ

338 2243 409 2327 μετά
422 2242 473 2310 τόν
485 2241 563 2326 λιμόν
577 2242 672 2307 ἐλθών
686 2243 715 2306 ἐν
729 2247 762 2324 τῇ
778 2270 810 2325 γη
823 2242 914 2308 Ἰούδα
929 2241 957 2305 ἐν
971 2240 1060 2324 Σαάρ
1082 2238 1130 2305 καὶ
1151 2242 1252 2306 θανών
1273 2241 1362 2324 ἐτάφη
1382 2242 1442 2307 ἐκεῖ.
1462 2239 1510 2307 καλ
1530 2242 1629 2307 ἔδωκεν
1647 2244 1731 2325 τίρας
1750 2241 1795 2309 ἐπὶ
1807 2243 1984 2328 Ἰερουσαλήμ

338 2366 500 2456 λόγωνὈτε
519 2366 612 2436 ἴδωσιν
629 2372 713 2435 λίθον
731 2374 844 2454 βοῶντα
863 2371 989 2451 οἰκτρῶς,
1012 2370 1107 2454 ἐγγίζει
1125 2369 1158 2436 τὸ
1176 2369 1267 2443 τελος·
1289 2365 1336 2435 ὅτε
1354 2367 1384 2434 δέ
1403 2367 1496 2435 ἴδωσιν
1511 2370 1539 2433 ἐν
1551 2368 1727 2453 Ἰερουσαλήμ
1740 2369 1837 2435 πάντα
1851 2371 1888 2436 τά
1904 2373 1982 2456 ἔθνη,

338 2496 401 2566 τότε
414 2496 432 2581 ή
446 2496 525 2571 πόλις
539 2497 768 2580 ἐδαφισθήσειαι.

445 2621 499 2708 (Θ.
523 2618 692 2709 Ἰωνάςήν
711 2625 741 2689 ἐκ
762 2629 811 2709 γῆς
825 2622 1026 2708 Καριαθιαρέμ
1042 2626 1158 2707 πλησίον
1175 2624 1300 2700 Ἀζώτου
1319 2624 1426 2696 πόλεως
1441 2622 1578 2707 Ἑλλήνων
1596 2624 1671 2688 κατά
1691 2625 1858 2691 θάλασσαν·
1877 2623 1924 2690 καὶ
1945 2627 1983 2690 ἐκ·

337 2749 475 2839 βρασθελς
490 2752 520 2816 ἐκ
533 2757 583 2818 τοῦ
596 2750 695 2836 κήτους
709 2749 755 2816 καὶ
771 2750 908 2817 ἀπελθών
922 2753 960 2825 είς
967 2759 1001 2817 Ν
1001 2749 1073 2835 ινευή
1086 2750 1134 2816 καί
1149 2750 1327 2834 ἀνακάμψας
1340 2752 1379 2824 είς
1392 2750 1442 2834 τήν
1456 2755 1504 2834 γήν
1519 2751 1605 2817 αὐτοῦ
1619 2751 1668 2816 οῦκ
1683 2752 1790 2834 ἔμεινεν,
1808 2751 1882 2818 ἀλλά
1893 2780 1983 2835 παρα·

337 2880 434 2966 λαβών
451 2879 501 2965 τήν
520 2881 625 2963 μητίρα
645 2879 731 2945 αῦτοῦ
749 2879 899 2962 παρῴκησε
916 2878 966 2962 τήν
980 2878 1048 2962 Ἰώρ
1064 2879 1160 2962 χώραν
1179 2877 1342 2961 ἀλλοφύλων
1362 2879 1464 2942 ἐθνῶν.
1486 2878 1573 2962 ἔλεγεν
1591 2879 1646 2964 γάρ
1665 2876 1708 2945 ότι
1726 2876 1815 2953 οῦτως
1833 2880 1928 2963 ἀφελώ
1950 2880 1983 2947 τὸ

337 3007 441 3081 όνειδός
452 3035 517 3092 μου,
542 3004 585 3073 ότι
599 3006 760 3090 ἐψευσάμην
774 3005 970 3090 προφητεύσας
989 3006 1063 3072 κατά
1078 3005 1183 3090 Νενευή
1196 3011 1246 3090 τής
1261 3006 1367 3078 πόλεως
1381 3010 1431 3088 τῆς
1443 3006 1569 3089 μεγάλης.
1583 3000 1616 3090 ήν
1630 3003 1659 3070 δέ
1673 3004 1706 3071 τὸ
1721 3012 1870 3089 τηνικαῦτα
1882 3007 1984 3081 Ἠλίας

338 3136 454 3220 ἐλέγχων
472 3134 522 3201 τόν
540 3135 616 3199 ολκον
628 3133 754 3218 Ἀχαάβ,
776 3131 824 3198 καὶ
842 3134 965 3208 καλίσας
982 3132 1060 3216 λιμόν
1078 3132 1122 3198 ἐπὶ
1142 3133 1191 3218 τήν
1209 3138 1258 3217 γήν
1273 3134 1377 3217 ἔφυγεν.
1400 3130 1447 3197 καὶ
1462 3133 1599 3198 ἀπελθών
1613 3128 1673 3216 εὗρε
1686 3132 1736 3218 τήν
1748 3134 1837 3218 χήραν
1850 3135 1921 3218 μετὰ
1935 3139 1984 3199 τοῦ

336 3264 396 3329 υἱοῦ
411 3262 508 3345 αὐτῆς,
528 3258 577 3327 καὶ
591 3260 674 3345 ἔμεινε
689 3261 755 3345 παρ’
774 3262 880 3334 αὐτοῖς·
900 3260 932 3326 οῦ
946 3259 1001 3344 γάρ
1014 3260 1134 3343 ήδῦνατο
1147 3261 1234 3343 με’νειν
1247 3260 1318 3342 μετὰ
1333 3260 1531 3343 ἀπεριτμήτων.
1555 3258 1602 3325 καὶ
1616 3261 1759 3345 εὐλόγησεν
1774 3261 1860 3345 αἰπήν
1874 3261 1921 3326 δεά
1934 3260 1984 3344 τήν

337 3390 498 3473 ξενοδοχίαν
517 3389 614 3473 αῦτής·
635 3383 669 3472 ήν
688 3388 741 3473 γάρ
760 3387 900 3472 γινώσκων
920 3387 1006 3471 αἰνήν
1025 3387 1055 3451 ἐκ
1074 3393 1184 3454 πολλοῦ.
1206 3389 1337 3454 θανόντα
1356 3385 1386 3451 δέ
1400 3386 1449 3452 τόν
1463 3386 1522 3453 υίδν
1537 3388 1623 3471 αύτής
1635 3389 1740 3454 Ἰωνῦν
1753 3389 1838 3454 πάλιν
1850 3387 1984 3472 ήγειρενό

337 3516 408 3590 θεὸς
422 3514 469 3581 διά
483 3521 533 3582 τοῦ
547 3517 658 3590 Ἠλίου,
673 3515 776 3588 δεικνύς
791 3514 867 3595 αἰτοῦ
881 3512 924 3580 ότι
938 3512 1000 3580 ούδέ
1014 3514 1116 3581 θανών
1130 3515 1245 3581 δύναται
1259 3514 1423 3598 ἀποδράσει
1436 3514 1513 3580 θεόν.
1528 3513 1576 3581 καὶ
1591 3516 1720 3589 ἀναστὰς
1732 3516 1837 3589 Ἰωνᾶς
1849 3516 1920 3598 μετά
1934 3517 1984 3582 τὸν

336 3641 414 3726 λιμόν
432 3638 519 3727 ήλθεν
537 3645 576 3716 είς
594 3648 643 3727 γῆν
660 3642 770 3709 Ἰούδα·
793 3646 942 3708 θανοῦσαν
961 3640 991 3707 δέ
1008 3641 1058 3727 τήν
1075 3644 1180 3725 μητίρα
1198 3640 1284 3706 αῦτοῦ
1303 3642 1403 3723 ἔθαψε
1420 3641 1494 3707 κατά
1514 3642 1563 3725 τήν
1581 3642 1646 3709 ὁδόν
1668 3642 1784 3726 ἐχόμενα
1797 3647 1847 3726 τῆς
1860 3643 1984 3728 βαλάνου

335 3771 498 3854 Αεβώρρας.
522 3768 570 3836 καὶ
588 3770 758 3854 κατοικήσας
776 3772 805 3836 ἐν
824 3776 857 3855 γή
872 3770 961 3852 Σαάρ
981 3769 1125 3843 ἀπέθανε,
1147 3765 1196 3834 καλ
1214 3767 1304 3850 ἐτάφη
1324 3768 1352 3832 ἐν
1371 3772 1412 3849 τῷ
1429 3770 1558 3852 σπηλαύη
1572 3773 1720 3847 Καινεζιοῦ
1737 3774 1829 3850 κριτοῦ
1842 3772 1985 3853 γενομένου

335 3903 401 3980 μιάς
420 3903 508 3981 φυλής
527 3898 556 3961 ἐν
573 3897 687 3982 ήμέραες
705 3902 755 3981 τῆς
773 3897 918 3982 ἀναρχίας.
940 3895 988 3962 καί
1007 3898 1090 3961 ἔδωκε
1108 3897 1192 3978 τέρας
1210 3892 1255 3960 ἐπὶ.
1267 3894 1451 3980 Ἰερουσαλήμ
1469 3893 1517 3961 καὶ
1536 3896 1577 3978 ἐφ’
1593 3895 1659 3978 όλην
1672 3895 1722 3980 τήν
1740 3902 1800 3981 γήν·
1822 3894 1893 3965 όταν
1906 3895 1985 3965 ἴδωσι

334 4027 418 4091 λίθον
425 4029 538 4110 βοῶντα
550 4026 674 4108 σι’κτρώς,
686 4026 797 4109 ἐγγίζειν
807 4024 840 4092 τό
851 4025 942 4098 τελος·
953 4020 1002 4088 καὶ
1013 4021 1059 4090 ὅτε
1070 4021 1355 4107 ἴδωσινἼερουσαλήμ
1364 4021 1462 4089 πάντα
1472 4020 1509 4088 τά
1520 4023 1599 4106 ἔθνη,
1610 4021 1653 4089 ότι
1662 4024 1679 4106 ή
1690 4025 1769 4098 πόλις
1779 4025 1924 4109 ἠφανίσθη
1934 4022 1984 4110 όλη

335 4152 388 4226 ἕως
398 4151 531 4236 ἐδάφους,
544 4149 592 4217 καὶ
602 4153 845 4236 μετατεθήσονται
852 4153 880 4218 οί
888 4154 966 4218 λίθοι
978 4150 1064 4234 αότής
1074 4150 1149 4216 κατά
1160 4149 1267 4233 δυσμάς
1276 4149 1361 4234 ήλίου,
1374 4150 1433 4216 ἐκεῖ
1438 4151 1517 4216 ἐσται
1527 4149 1544 4233 ή
1554 4150 1736 4235 προσκύνησις
1743 4157 1793 4217 τοῦ
1803 4150 1982 4238 ειλημμίνου.)

440 4286 474 4345 Ζ.
497 4280 621 4362 Ναούμ
640 4280 698 4354 υἱός
710 4280 870 4346 Ἐλκεσαίου
887 4274 921 4363 ήν
940 4278 1000 4344 ἀπὸ
1012 4278 1107 4362 Ἰεσβή
1125 4281 1213 4361 φυλής
1226 4278 1358 4361 Συμεών,
1380 4275 1428 4343 καί
1445 4279 1516 4361 μετὰ
1535 4277 1585 4344 τόν
1601 4278 1706 4343 Ἰωνοῖν
1724 4284 1759 4361 τή
1777 4285 1888 4361 Νηνευῒ
1901 4281 1985 4362 ιε’ρας

337 4407 450 4480 ἔδωκεν,
472 4403 516 4473 ότι
533 4405 588 4473 ὑπὸ
606 4405 719 4472 ῦδάτων
736 4404 784 4472 καὶ
802 4406 891 4489 πυρὸς
908 4406 1035 4491 ῦπογειῦυ
1054 4405 1208 4471 ἀπολεῖται.
1229 4402 1298 4489 ὅπερ
1315 4402 1364 4472 καὶ
1382 4406 1500 4490 γέγονεν’
1522 4404 1539 4489 ή
1561 4406 1615 4491 γάρ
1629 4409 1792 4490 περιέχουσα
1807 4405 1893 4491 αι’πήν
1905 4408 1983 4492 λίμνη

333 4535 481 4601 κατελυσεν
497 4530 569 4619 (sie,
584 4534 705 4597 rectius
721 4532 814 4613 alter)
831 4535 859 4599 ἐν
877 4537 992 4617 σεισμῷ,
1014 4532 1062 4598 καί
1076 4538 1130 4615 πῦρ
1145 4533 1175 4597 ἐκ
1188 4537 1238 4617 τής
1252 4532 1351 4618 ἐρήμου
1365 4534 1482 4615 ε’ξήλθεν
1496 4530 1544 4598 καί
1559 4532 1592 4598 τό
1606 4531 1778 4616 ὑψηλότερον
1794 4534 1880 4617 αότής
1894 4534 1984 4600 ἐνεπύ

332 4687 415 4744 ρησεν
427 4662 516 4746 με’ρος.
531 4658 579 4726 καλ
593 4662 696 4726 θανών
710 4661 800 4744 ἐτάφη
814 4662 843 4725 ἐν
858 4666 891 4744 τή
907 4666 940 4746 γή
955 4662 1050 4728 αῦτοῦ.

442 4784 516 4873 (ΙΑ.
537 4787 663 4871 Ναούμ
675 4783 709 4873 ήν
723 4789 783 4855 ἀπὸ
795 4786 925 4873 Ἑλκεσέμ
938 4788 1028 4871 πέραν
1041 4793 1091 4854 τοῦ
1105 4787 1282 4873 Βηταβαρήμ
1295 4792 1383 4871 φυλής
1393 4785 1518 4869 Συμεών.
1534 4780 1615 4860 οῦτος
1627 4786 1698 4869 μετά
1711 4786 1817 4853 Ἰωνᾶν
1830 4792 1864 4870 τῇ
1878 4790 1984 4872 Νινευή

334 4919 417 5000 τέρας
435 4917 546 4991 ἔδωκεν,
569 4914 612 4982 ὅτι
629 4916 684 4983 ύπό
701 4915 814 4982 ῦδάτων
832 4917 951 5000 γλυκίων
969 4914 1017 4981 καί
1036 4915 1123 4999 πυρὸς
1143 4914 1272 4999 ῦπογείον
1291 4916 1444 4979 ἀπολεῖται.
1471 4911 1554 4978 ὃκαέ
1572 4914 1690 4996 γε’γονεν·
1711 4912 1729 4996 ή
1748 4915 1803 4997 γάρ
1820 4916 1984 5000 περιέχουσα

333 5042 420 5127 αιίιήν
441 5046 521 5127 λίμνη
543 5045 708 5111 κατύιλυσεν
730 5042 816 5128 αῦτήν
838 5044 867 5108 ἐν
880 5049 997 5126 σεισμηῦ,
1019 5040 1067 5109 καλ
1088 5047 1144 5127 πῦρ
1167 5042 1289 5108 ἐπελθὸν
1312 5041 1342 5105 ἐκ
1363 5046 1412 5123 τής
1435 5040 1534 5124 ἐρήμου
1554 5041 1587 5107 τὸ
1607 5039 1779 5125 ὑψηλότερον
1801 5041 1887 5126 αἰτῇς
1903 5044 1985 5127 μέρος

332 5172 488 5254 ἐνέπρησεν.
506 5171 640 5237 ἀπέθανε
653 5168 684 5237 δέ
698 5171 727 5236 ἐν
741 5171 843 5254 εἰρήνη,
859 5169 906 5236 καί
921 5170 1010 5255 ἐτάφη
1026 5171 1054 5235 ἐν
1068 5176 1102 5252 τῇ
1117 5174 1150 5254 γή
1166 5166 1275 5253 αι’τοῦ.)
