4756 6194
1946 431 1988 479 lx

336 622 458 704 patriae
484 640 547 687 non
577 622 645 688 sine
671 623 755 703 grati
784 621 878 686 animi
903 621 1095 703 pietatisque
1125 617 1354 703 significatione
1387 639 1406 685 a
1435 638 1485 684 me
1514 637 1651 698 cessam,
1681 618 1767 700 regis
1797 617 1985 701 imperiique

337 759 463 823 nomine
486 758 622 839 benigne
645 775 682 822 ac
704 756 880 822 liberaliter
900 757 940 821 ad
963 756 994 820 id
1019 757 1166 822 collatum
1189 774 1277 835 esse,
1301 761 1339 820 ut
1360 756 1475 820 itinera
1497 772 1569 819 mea
1591 759 1624 819 et
1646 753 1772 819 labores
1793 753 1835 819 ad
1856 770 1985 837 promo-

334 893 452 959 vendas
479 892 604 958 litteras
634 892 776 975 inprimis
811 911 918 958 sacras
948 897 1114 974 susceptos
1146 910 1205 974 per
1234 891 1294 957 hos
1324 890 1503 973 quindecim
1534 908 1634 956 annos
1663 889 1814 972 persequi
1846 906 1985 971 possem.

338 1028 428 1106 Quod
455 1034 492 1093 ut
514 1032 605 1110 grato
628 1045 754 1110 semper
781 1027 885 1094 animo
912 1046 1050 1109 agnosco
1073 1033 1108 1093 ct
1132 1027 1296 1111 praedico,
1327 1028 1374 1092 ita
1395 1024 1518 1093 confido
1544 1044 1703 1107 nunquam
1724 1023 1890 1091 defuturos
1913 1043 1985 1092 esse

337 1164 391 1246 qui
414 1162 582 1229 thesauros
609 1163 681 1229 illos
710 1162 877 1228 itineribus
899 1164 979 1228 mois
1004 1162 1147 1230 detectos
1171 1163 1427 1244 conquisitusque
1450 1162 1650 1244 gratulentur
1671 1161 1805 1244 patriae.

442 1299 530 1377 Quae
552 1298 686 1365 alteram
708 1298 781 1364 libri
802 1304 926 1381 partem
948 1304 1118 1381 occupant,
1141 1304 1291 1380 excerpta
1312 1316 1329 1363 e
1352 1296 1512 1363 codicibus
1535 1295 1797 1362 bibliothecarum
1817 1315 1899 1379 quae
1919 1295 1984 1361 Ve-

334 1435 428 1500 netiis
448 1439 481 1500 et
496 1434 625 1500 Taurini
645 1438 733 1513 sunt,
755 1434 887 1499 Parisiis
904 1440 937 1499 et
951 1432 1209 1516 carpentoracte,
1232 1433 1472 1517 Guelpherbyti,
1495 1431 1682 1513 Hamburgi,
1704 1432 1852 1511 Londiui,
1871 1429 1985 1498 Oxonii

337 1574 432 1651 atque
455 1570 550 1635 etiam
571 1571 605 1634 in
628 1570 766 1649 oriente,
797 1587 836 1634 ea
861 1573 895 1634 et
919 1588 954 1634 rc
978 1574 1011 1634 et
1033 1570 1136 1652 pretio
1152 1570 1230 1635 satis
1256 1569 1340 1635 inter
1365 1588 1400 1634 sc
1426 1566 1584 1633 differunt.
1628 1567 1805 1649 Deligeuda
1830 1572 1923 1633 eraut
1943 1585 1984 1633 ex

334 1724 449 1786 magna
470 1724 580 1770 eorum
602 1705 694 1788 copia
715 1723 796 1787 quae
820 1723 858 1769 ex
879 1704 1023 1786 plurimis
1047 1710 1080 1770 et
1101 1706 1273 1771 occidentis
1300 1711 1334 1770 et
1355 1705 1486 1771 orientis
1508 1703 1707 1769 bibliothecis
1731 1703 1863 1769 collecta
1886 1707 1919 1769 et
1942 1702 1984 1769 ad

335 1841 439 1906 varios
466 1859 543 1906 usus
571 1841 713 1924 reposita
738 1840 849 1907 habeo.
898 1840 1077 1906 Retineuda
1101 1840 1244 1923 inprimis
1267 1859 1306 1905 ea
1328 1840 1517 1906 videbantur
1538 1860 1619 1923 quae
1650 1839 1843 1921 singularem
1864 1838 1980 1903 librum

334 1976 386 2041 vel
407 1981 494 2043 certe
516 1995 574 2059 pro
590 1995 647 2042 suo
664 1976 811 2058 quodque
835 1994 953 2058 genere
975 1977 1145 2042 editionem
1159 1977 1260 2057 magis
1282 1977 1444 2059 propriam
1458 1976 1518 2042 sibi
1537 1980 1681 2061 poscunt.
1712 1974 1812 2059 Spero
1833 1973 1980 2056 equidem

335 2129 374 2177 ea
402 2130 484 2194 quae
507 2111 582 2177 data
609 2115 684 2176 sunt
703 2112 871 2177 inventura
892 2131 964 2177 esse
991 2113 1105 2194 quibus
1128 2111 1224 2194 digna
1248 2112 1353 2178 studio
1378 2113 1552 2178 videantur.
1599 2111 1686 2190 Quos
1709 2112 1838 2178 eosdem
1860 2128 1980 2192 aequos

334 2247 566 2313 existimatores
589 2245 714 2312 futuros
737 2266 808 2312 esse
831 2244 963 2312 confido.

440 2381 528 2460 Quae
551 2381 593 2447 ad
614 2381 686 2447 libri
707 2380 802 2448 finem
822 2381 1001 2464 fragmenta
1022 2383 1230 2466 epistularum
1251 2383 1343 2449 Pauli
1364 2384 1450 2449 edita
1470 2388 1558 2463 sunt,
1582 2403 1621 2449 ca
1640 2383 1753 2449 iisdem
1775 2382 1983 2448 exscribenda

334 2517 418 2600 typis
440 2518 618 2583 curavimus
641 2518 695 2599 qui
718 2518 758 2583 ad
780 2537 893 2584 novam
916 2519 1133 2584 collectionem
1154 2518 1431 2585 Monumeutorum
1451 2538 1612 2585 sacrorum
1635 2519 1826 2585 ineditorum
1849 2540 1868 2584 a
1889 2517 1981 2583 nobis

335 2652 466 2718 adhibiti
482 2653 571 2733 suno,
583 2652 699 2719 additis
714 2654 845 2736 insuper
859 2659 1045 2720 accentuum
1060 2655 1293 2736 spirituumque
1307 2655 1406 2737 signis
1422 2655 1464 2720 ad
1482 2655 1719 2721 similitudinem
1736 2673 1831 2719 manu
1846 2655 1982 2738 scripto·

335 2807 405 2854 rum
428 2785 550 2854 effictis.
595 2788 696 2866 Quam
717 2793 865 2872 typorum
877 2787 1038 2871 lationem
1057 2807 1120 2854 non
1140 2790 1275 2856 deerunt
1297 2791 1351 2872 qui
1374 2792 1414 2857 ab
1435 2792 1536 2874 ipsius
1559 2791 1675 2858 codicis
1698 2791 1864 2874 scriptura,
1887 2807 1983 2872 quam

336 2924 507 3007 specimine
534 2923 763 3006 expressimus,
792 2925 885 2990 nimis
912 2925 1064 2991 recedere
1091 2925 1205 2991 dicant.
1248 2926 1292 2992 ht
1313 2945 1394 3009 qnae
1422 2927 1462 2993 ab
1487 2945 1525 2994 eo
1548 2928 1656 2994 codice
1684 2945 1797 2993 revera
1820 2925 1983 3006 recedunt,

336 3077 375 3125 ea
393 3060 525 3143 propius
548 3059 590 3125 ad
612 3060 793 3141 antiquiora
814 3060 1006 3142 exemplaria
1026 3061 1195 3141 accedunt,
1225 3061 1265 3127 ad
1292 3080 1374 3144 quae
1399 3063 1471 3146 ipse
1494 3069 1545 3129 est
1563 3064 1767 3146 compositus.
1817 3062 1900 3129 Hinc
1932 3070 1983 3131 est

338 3194 423 3276 quod
444 3194 574 3261 eosdem
600 3199 694 3278 typos
721 3196 799 3261 satis
821 3200 913 3278 aptos
941 3215 1013 3262 esse
1037 3196 1143 3263 iudico
1165 3197 1206 3261 ad
1227 3216 1281 3263 eas
1304 3217 1431 3281 quoque
1457 3199 1632 3282 scripturas
1660 3199 1880 3282 exprimendas
1899 3219 1981 3282 quae

341 3348 361 3395 a
380 3331 504 3397 ratione
526 3331 746 3411 antiquissima
768 3331 831 3395 iam
852 3331 1027 3414 paullulum
1048 3329 1255 3398 deflexerunt.

442 3466 525 3530 Dum
543 3465 594 3531 hic
613 3465 850 3531 Anecdotorum
867 3466 949 3532 liber
966 3468 1090 3550 prelum
1108 3468 1290 3549 exercebat,
1314 3471 1463 3536 emissum
1483 3476 1534 3536 est
1552 3472 1687 3553 primum
1706 3470 1983 3538 Monumeutorum

337 3618 499 3667 sacrorum
527 3601 718 3666 ineditorum
745 3602 906 3682 volumen,
937 3621 1000 3685 quo
1031 3604 1171 3686 quinque
1200 3605 1366 3688 utriusque
1397 3606 1591 3673 collectionis
1623 3625 1713 3672 meac
1744 3605 1868 3674 codices
1896 3608 1983 3690 inue

335 3736 568 3820 palimpsesti*)
595 3737 672 3802 editi
694 3742 777 3803 sunt.
820 3737 993 3803 Praeterea
1013 3738 1085 3804 libri
1114 3746 1147 3805 et
1169 3741 1359 3823 conscriptio
1379 3745 1413 3807 et
1435 3741 1601 3825 impressio
1633 3742 1757 3809 duobus
1787 3744 1984 3829 interruptae

336 3877 411 3939 sunt
428 3872 610 3952 itineribus,
636 3873 737 3938 altero
756 3873 797 3938 ad
815 3873 925 3956 plures
940 3873 1129 3942 Germaniae
1147 3875 1364 3957 bibliothecae,
1386 3878 1487 3943 altero
1503 3878 1682 3944 Londinum
1696 3877 1852 3946 Oxouium
1867 3880 1983 3948 Canta·

336 4005 469 4090 brigiam
488 4006 582 4074 lacto.
625 4007 704 4074 Inde
724 4008 869 4074 excusari
883 4009 978 4074 velim
992 4029 1074 4092 quae
1089 4012 1208 4093 passim
1228 4011 1331 4078 minus
1350 4018 1497 4095 accurate
1513 4014 1600 4080 edita
1614 4019 1697 4095 sunt,
1720 4016 1982 4098 quemadmodum

335 4141 369 4206 in
388 4144 544 4226 excerptis
563 4144 688 4209 numeri
706 4142 736 4208 X
751 4149 785 4210 et
801 4144 856 4208 XI.
886 4163 959 4228 pag.
978 4151 1036 4211 129
1053 4151 1086 4212 et
1103 4152 1171 4214 130.
1194 4168 1253 4231 pro
1272 4148 1318 4214 XI
1338 4155 1372 4214 et
1391 4149 1468 4230 XII,
1492 4148 1568 4214 item
1590 4150 1623 4215 in
1648 4151 1807 4217 codicibus
1832 4151 1983 4219 Tischeu-

336 4274 485 4344 dorfiauia
503 4278 627 4344 numeri
647 4278 710 4344 XII
730 4283 764 4345 et
781 4279 869 4344 XIII.
889 4301 920 4363 p.
937 4287 976 4347 65
993 4288 1027 4347 ct
1042 4288 1091 4349 66.
1107 4302 1166 4367 pro
1184 4283 1263 4350 XIII
1281 4289 1315 4351 et
1328 4285 1411 4350 XIV.
1431 4286 1528 4369 positi
1548 4291 1631 4352 sunt.
1675 4286 1764 4364 Quae
1783 4305 1854 4354 cum
1873 4287 1983 4353 simili·

334 4409 393 4478 bus
415 4418 559 4479 correcta
583 4419 659 4480 sunt
680 4415 714 4480 in
734 4415 848 4482 indice.

437 4547 584 4631 Denique
610 4550 726 4615 librum
752 4550 836 4617 hunc
863 4552 1038 4634 splendidis
1065 4573 1176 4620 eorum
1201 4556 1379 4622 nominibus
1404 4555 1556 4624 decorare
1585 4563 1729 4642 poteram
1754 4558 1808 4640 qui
1832 4558 1981 4624 itinerum

333 4698 492 4762 meorum,
514 4685 599 4751 unde
620 4690 709 4751 totus
730 4686 863 4769 pendet,
885 4690 1012 4770 patroni
1034 4690 1233 4756 exstiterunt.
1279 4689 1342 4757 Sed
1363 4691 1396 4757 id
1417 4693 1481 4757 iam
1495 4692 1570 4758 alibi
1592 4693 1765 4759 identidem
1786 4692 1904 4760 factum
1918 4699 1983 4774 est;

332 4814 492 4900 lupatria
515 4820 644 4902 quidem
669 4820 709 4885 ad
730 4821 847 4888 itinera
867 4841 940 4889 mea
961 4824 994 4888 in
1016 4825 1172 4891 orientem
1194 4833 1345 4910 suscepta
1363 4846 1422 4910 pro
1446 4846 1568 4894 summa
1590 4828 1752 4894 voluntate
1773 4829 1874 4913 ipsius
1896 4831 1983 4914 regis

334 4951 567 5020 clementissimi
588 4954 806 5023 FRIDERIOI
824 4958 1011 5024 AUGUSTI
1032 4960 1175 5044 inprimis
1192 4961 1360 5028 valuerunt
1380 4963 1569 5029 auctoritate
1594 4982 1631 5031 ac
1645 4962 1753 5031 lavore
1768 4965 1829 5030 viri
1841 4965 1984 5033 illustres

432 5205 460 5277 ⁹)
478 5205 537 5260 Eos
556 5223 654 5262 omnes
674 5208 703 5261 in
722 5208 787 5264 libri
806 5208 902 5264 indice
920 5212 1084 5265 accuratius
1103 5212 1304 5267 indicavimus.
1729 5285 1749 5322 1
1760 5285 1779 5322 ff
