4756 6194
365 626 414 693 καί
432 628 469 713 μὴ
487 631 537 711 τῆς
555 627 659 700 οἰκειας
678 626 772 710 εξίστη
792 625 922 710 ίκάτερον
936 625 1053 708 (μίσεος.
1068 622 1092 689 ιδ
1107 626 1156 689 τοῦ

364 754 529 838 θαόματος·
548 755 598 820 οίνκ
619 755 728 832 ἔξωθεν
749 752 766 837 ἡ
788 754 859 830 δόξα
877 757 919 833 τῷ
937 751 1046 836 σώματι
1059 776 1156 834 προσε·

367 883 481 968 γίγνετο,
504 882 563 946 ἀλλ’
588 883 704 946 ἔνδοθεν
723 881 753 945 ἐκ
771 885 821 964 τῆς
839 879 950 964 ἀρρήτῳ
966 878 1041 963 λόγῳ
1057 878 1156 962 ἡνωμί-

367 1008 418 1093 νης
440 1009 517 1090 αι’πῷ
538 1009 607 1074 καθ’
632 1008 787 1074 ὑπόστασιν
810 1012 859 1073 τοῦ
881 1011 953 1072 θεοῦ
974 1006 1057 1091 λόγου
1074 1005 1156 1089 ἀπερ-

369 1138 441 1203 θίου
454 1137 600 1219 θεότητος.
621 1130 644 1216 ᾧ
663 1134 718 1218 γὰρ
736 1135 766 1199 ε’ν
781 1135 873 1215 ἐκείνῳ
888 1136 914 1199 υί
928 1133 1036 1218 ἀγγιλυι
1050 1131 1157 1207 ἀκλινίς

369 1265 478 1348 ε’ρείδειν
497 1262 531 1331 τό
548 1262 625 1347 όμμα
643 1263 676 1329 οίι
695 1264 852 1335 σθένουσιν,
872 1261 900 1326 ἕν
914 1262 1004 1341 τοότῳ
1017 1266 1074 1326 τών
1088 1262 1157 1325 ἀπο

368 1392 477 1458 στόλων
495 1391 523 1456 οἱ
540 1391 681 1475 πρόκριτοι
699 1395 733 1473 τῇ
753 1389 819 1472 δόξη
838 1393 887 1472 τῆς
901 1390 1001 1454 ἑαυτοῦ
1015 1390 1158 1472 βασιλείας

370 1518 472 1602 όρώσιν
491 1517 677 1600 ἕκλάμποντα.
698 1517 827 1582 ἐντεῦθεν
841 1517 906 1590 τοὺς
920 1518 1088 1599 κορυφαίους
1101 1522 1158 1580 τών

370 1646 536 1712 ἀποστόλων
558 1645 803 1730 προσλαμβάνεται
824 1644 969 1726 μάρτυρας
987 1649 1036 1726 τῆς
1056 1644 1158 1716 οἰκείας

370 1772 452 1856 δόξης
468 1799 499 1837 τε
513 1770 561 1836 καί
575 1768 725 1855 θεότιμος·
749 1771 939 1836 ἀποκαλύπτει
957 1769 987 1834 δὲ
1001 1771 1095 1843 αὐτοῖς
1109 1771 1159 1853 την

369 1901 472 1966 οίκείαν
492 1901 625 1980 θεότητα

437 2030 565 2099 Τείείους
584 2024 613 2090 δὲ
632 2027 702 2090 είναι
720 2026 785 2098 τοὺς
804 2025 854 2110 τίην
875 2028 961 2090 θείαν
984 2026 1070 2102 δόξειν
1089 2025 1160 2098 εἰκός

371 2153 604 2227 κατοπτεόοντας,
624 2152 674 2237 την
696 2152 832 2218 ἀπόντων
847 2154 981 2226 ἕπε’κεινα,
1001 2153 1050 2236 την
1074 2151 1160 2235 μόνην

371 2280 419 2348 καί
448 2281 580 2364 ίνπερτελῆ
609 2278 657 2345 καί
687 2282 853 2363 προτελεισι·.
883 2280 899 2346 ό
927 2291 1007 2354 θεῖος
1036 2279 1089 2364 γάρ
1118 2278 1159 2347 όν

371 2436 427 2482 τως
461 2406 510 2474 καὶ
538 2408 675 2490 θεηγόρος
705 2408 851 2481 Διονόσιος
884 2405 982 2480 Οότως
1013 2407 1029 2473 ό
1064 2409 1159 2473 δεσπό

370 2563 428 2619 της,
449 2537 542 2618 φησίν,
565 2533 725 2619 ὀφθήσεται
745 2547 805 2607 τοῖς
826 2536 926 2600 ἑαυτοῦ
944 2536 1055 2608 τελείοις
1073 2534 1159 2617 θερά·

371 2689 478 2737 πονσιν,
498 2662 530 2729 όν
551 2661 656 2746 τρόπον
675 2663 704 2727 ἐν
723 2661 779 2746 ὄρει
797 2663 905 2746 Θαβώρ
920 2674 978 2736 τοῖς
993 2663 1160 2736 ἀποστόλοις

371 2790 532 2857 όπτάνεται.
551 2789 681 2872 Ἰωάννην
695 2789 910 2874 παραλαμβάνει
932 2790 971 2864 ώς
992 2796 1042 2873 τῆς
1063 2796 1160 2856 θεολο

370 2918 433 3001 γίας
454 2918 601 3000 παρθένον
623 2914 671 2982 καί
693 2918 904 2999 καθαρώτατον
925 2916 1060 3001 ὄργανον,
1082 2914 1159 2991 όπως

369 3044 419 3128 την
442 3043 562 3127 ἄχρονον
583 3044 670 3120 δόξαν
687 3049 736 3107 τοῦ
755 3046 813 3109 υἱοῦ
831 3044 1010 3126 θεασόμενος
1022 3046 1067 3109 Ἐν
1087 3046 1158 3128 ἀρχη

369 3164 402 3254 ἦν
416 3170 433 3238 ό
446 3170 536 3255 λόγος,
551 3169 598 3235 καί
614 3166 629 3236 ό
644 3170 725 3255 λόγος
738 3165 770 3255 -ίγν
784 3172 855 3253 πρὸς
869 3173 918 3239 τόν
932 3172 1011 3247 θεόν,
1026 3171 1073 3237 καί
1088 3173 1159 3245 θεὸς

368 3293 401 3384 θ
428 3298 443 3366 ὁ
469 3297 566 3382 λόεον,
594 3297 757 3384 δανείσοι·
782 3297 869 3382 ναίειν
891 3300 944 3383 νὰυ
966 3299 1158 3384 εινσεειῆείι

369 3425 482 3511 ἡσυχία·
505 3426 643 3510 προσευχὴ
666 3424 696 3491 δὲ
719 3430 805 3500 θείας
826 3428 907 3510 δόξης
925 3428 1067 3511 ε’μιγάνεια.
1088 3425 1158 3494 όταν

370 3552 424 3637 γάρ
449 3553 504 3626 τὰς
526 3553 673 3636 αἰσθήσεις
698 3555 825 3637 μόσωμεν
846 3552 894 3618 καί
919 3555 1028 3628 ἑαυτοῖς
1049 3553 1096 3619 καί
1117 3562 1157 3636 tq]

369 3685 432 3760 θεῷ
453 3680 669 3764 συγγενώμεθα,
698 3678 746 3745 καὶ
772 3686 821 3763 της
847 3683 955 3758 ἔξωθεν
980 3688 1030 3748 τοῦ
1055 3685 1158 3767 κόσμον

370 3813 525 3891 περιφορᾶς
544 3807 783 3887 ελευθερωθίντες
802 3808 879 3882 ε’ντός
893 3809 987 3874 αι’τών
1001 3809 1158 3893 γενώμεθα,

368 3935 432 4001 τότε
457 3940 568 4018 τρανῶς
595 3935 624 3998 ἐν
646 3936 756 4008 ἑαυτοῖς
777 3934 826 4019 την
851 3941 901 4002 τοῦ
921 3942 993 4002 θεοῦ
1015 3939 1158 4021 βασιλείαν

369 4062 516 4145 ὀψόμεθα
541 4061 557 4144 η
575 4064 704 4147 βασιλεία
722 4063 776 4146 γὰρ
796 4067 852 4128 τών
872 4064 1006 4147 οίιρανών,
1027 4060 1087 4148 ἥτις
1100 4063 1158 4132 ἐστὶ

369 4191 497 4273 βασιλεία
518 4194 597 4264 θεοῦ,
621 4190 699 4263 ε’ντός
720 4190 797 4274 ημάν
819 4191 906 4264 ἐστίν,
926 4191 1031 4275 Ἰησοῦς
1052 4191 1068 4258 ό
1089 4192 1160 4266 θεὸς

371 4316 584 4401 ἀπεφθέγξατο.
608 4317 768 4400 ἔμπροσθεν
789 4323 846 4383 τών
866 4324 1006 4401 μαθητῶν
1026 4345 1160 4402 μεταμορ

370 4448 473 4525 φοῦται
494 4443 510 4509 ό
533 4441 577 4509 ἀεί
600 4444 737 4519 ώσαότως
755 4447 954 4528 δεδοξασμένος
974 4443 1023 4510 καί
1041 4447 1159 4528 λάμπων

371 4568 504 4653 ἀστραπῇ
526 4572 671 4654 θεότητος.
697 4573 828 4657 ἀνάρχως
852 4572 901 4656 μὲν
924 4574 977 4657 γὰρ
999 4574 1029 4637 ἐκ
1050 4575 1160 4657 πατρὸς

370 4695 512 4780 γεννηθείς
538 4698 588 4783 τὴν
613 4699 730 4784 φυσικὴν
757 4701 857 4765 ἀκτῖνα
885 4699 1008 4785 ἄναρχον
1032 4703 1159 4783 κε’κτηται

370 4829 419 4908 της
442 4824 587 4909 θεότητος,
612 4825 660 4891 καί
682 4826 698 4910 ἡ
721 4834 770 4911 τῆς
790 4828 927 4911 θεότητος·
945 4828 1014 4904 δόξα
1028 4826 1075 4893 καί
1090 4829 1160 4905 δόξα

371 4957 420 5018 τοῦ
441 4953 573 5036 σώματος
594 4956 708 5038 γίνεται·
731 4956 790 5020 ἀλλ’
816 4956 929 5039 ἀφανὴς
951 4956 968 5040 ίγ
987 4957 1057 5033 δόξα
1075 4956 1161 5040 όπάρ

370 5105 461 5162 χουσα
475 5080 505 5144 ἐν
519 5087 560 5161 τῷ
574 5083 731 5166 (μαινομένῳ
745 5083 854 5165 σώματι
868 5095 927 5157 τοῖς
940 5084 976 5168 μίγ
989 5089 1110 5168 χωροῦσι
1123 5085 1161 5149 τά

371 5204 420 5272 καί
435 5206 561 5291 ἀγγελας
579 5209 697 5275 ἀθίατα
715 5221 774 5284 τοῖς
787 5212 893 5295 σαρκός
907 5214 1025 5295 δεσμιόις
1040 5211 1163 5295 ἀόρατος

1969 422 2011 488 47

1223 623 1389 706 ἐχρημάτιζε.
1417 630 1643 710 μεταμορφοιπαι
1670 627 1761 692 τοίνυν
1788 626 1837 709 οὐχ
1865 625 1952 692 όοόκ
1977 620 2012 711 τήν

1224 751 1450 835 προσλαβόμενος
1478 750 1541 817 οὐδὲ
1565 753 1604 826 εἰς
1626 749 1695 837 όπερ
1716 752 1766 819 ον’νκ
1785 747 1819 838 ίγν
1841 754 2011 839 μεταβαλλό-

1223 903 1312 959 μενος,
1332 878 1391 942 ἀλλ’
1414 875 1481 964 ὅπερ
1500 875 1533 964 ἦν
1552 891 1611 954 τοῖς
1630 881 1737 954 οἰκείοις
1754 891 1902 964 μαθηταῖς
1916 880 2011 964 ἰμφαι-

1224 1004 1345 1087 νόμενσς,
1367 1008 1512 1091 διανοίγων
1530 1007 1636 1074 τοότων
1654 1008 1692 1072 τά
1711 1005 1825 1091 όμματα
1839 1004 1887 1073 καί
1902 1007 1932 1073 ἐκ
1946 1034 2011 1092 τυην

1223 1136 1280 1197 λών
1311 1132 1491 1216 ἐργαζόμενος
1518 1135 1680 1220 βλίποιτας.
1709 1132 1757 1201 καί
1784 1135 1866 1202 τοῦτό
1892 1135 1950 1201 ἔστι
1977 1134 2011 1202 τό

1225 1260 1445 1345 Μυτεμορφώθη
1464 1262 1624 1345 ἔμπροσθεν
1638 1261 1740 1328 αι’πών.
1754 1263 1843 1345 μένων
1857 1262 1911 1347 γάρ
1926 1261 2011 1338 αὐτὸς

1509 1386 1757 1411 ὶὶὶῖθ

1224 1386 1254 1452 ἐν
1275 1385 1423 1471 ταυτότητι
1444 1414 1520 1471 παρσ
1545 1416 1577 1455 το
1600 1416 1664 1471 πριν
1686 1414 1829 1471 εφαινετο,
1851 1389 1943 1473 ἕτερος
1963 1395 2011 1456 νόν

1224 1525 1284 1587 τοῖς
1310 1523 1457 1598 μαθηταῖς
1485 1515 1594 1597 ἑωρᾶτο
1623 1516 1795 1600 φαινόμενος.
1825 1514 1873 1582 καὶ
1901 1517 2016 1600 ἔλαμψί

1225 1666 1309 1723 φησιν
1322 1640 1363 1715 ώς
1376 1641 1393 1708 ό
1406 1639 1488 1725 ἥλιος,
1503 1642 1553 1726 ον’νχ
1565 1640 1608 1710 ότι
1618 1643 1655 1727 μὴ
1668 1649 1717 1709 τοῦ
1725 1644 2010 1728 ηλίουλαγυτρότερον·

1226 1769 1370 1852 ἀμήχανον
1390 1769 1444 1853 γὰρ
1463 1769 1682 1854 ἀπαραλείπτως
1701 1771 1778 1853 ἔντη
1792 1773 1877 1837 κτίσει
1889 1771 1923 1838 τό
1938 1770 2011 1838 ἀντι·

1226 1921 1293 1959 στον
1312 1897 1509 1974 είκονίζεσθαι·
1530 1898 1589 1962 ἀλλ’
1612 1894 1679 1964 όσον
1698 1899 1818 1983 ἐχώρουν
1835 1904 1968 1983 καθορᾶν
1986 1900 2013 1964 οἱ

1227 2024 1380 2105 βλεποντες.
1411 2023 1482 2089 θεὸν
1508 2022 1558 2107 μὲν
1585 2025 1638 2109 γάρ
1661 2022 1749 2100 οὐδεὶς
1771 2026 1876 2110 ἑώρακε
1897 2026 2012 2092 πώποτε

1227 2149 1311 2215 καθά
1333 2152 1437 2234 πίφυα
1458 2152 1579 2235 ηόσεως·
1601 2151 1648 2217 καί
1666 2153 1682 2219 ό
1697 2151 1727 2217 δὲ
1740 2153 1874 2238 ἑώρακεν,
1893 2152 2013 2221 ἀνπνεό

1225 2305 1293 2359 ματι
1311 2284 1394 2344 τοῦτο
1411 2282 1555 2345 τεθεαται.
1578 2277 1648 2363 αὕτη
1667 2280 1683 2364 r}
1699 2280 1845 2354 ἀλλοιωσις
1858 2287 1908 2365 τῆς
1920 2285 2013 2359 δεξιᾶς

1225 2409 1274 2471 τοῦ
1289 2405 1421 2487 ὑψίστου·
1441 2409 1533 2473 ταῖννά
1546 2408 1621 2473 ἐστιν
1635 2408 1655 2472 ἀ
1669 2408 1821 2492 ὀφθαλμός
1835 2409 1883 2474 οὐκ
1897 2410 1950 2474 εἶδε
1964 2406 2013 2475 καλ

1225 2527 1274 2606 οός
1286 2534 1335 2599 οόκ
1346 2531 1444 2617 Ιἤκουσε
1456 2533 1502 2599 καί
1515 2533 1560 2600 ἐπὶ
1571 2538 1688 2618 καρδιάν
1700 2536 1857 2620 ἀνθρώπου
1868 2535 1918 2602 οόκ
1928 2536 2012 2621 ἀνίβη

1226 2660 1353 2726 πώποτε·
1376 2659 1465 2735 οίντως
1487 2663 1515 2726 ἐν
1534 2667 1574 2742 τῷ
1594 2664 1674 2727 αι’ὠνι
1691 2668 1731 2743 τῷ
1749 2664 1873 2745 μελλοντι
1890 2663 2013 2729 πάντοτε

1228 2787 1278 2853 σόν
1305 2790 1389 2871 κυρίῳ
1417 2789 1556 2872 ἐσόμεθα,
1583 2790 1709 2873 Χριστόν
1737 2790 1857 2875 όρώντες
1877 2797 1917 2872 τῷ
1940 2790 2014 2876 φωτὶ

1229 2914 1430 2998 ἀστράπτοντα
1451 2922 1501 2999 της
1522 2917 1669 3000 θεότητος·
1694 2924 1777 2984 τοῦτο
1798 2918 1831 2985 τό
1853 2925 1915 3003 φώς
1937 2920 2013 2986 κατά

1227 3042 1321 3126 πόσης
1342 3043 1451 3125 ηόσεως
1473 3045 1584 3128 ἔχειτὰ
1606 3046 1756 3129 νικητήρια·
1788 3044 1858 3129 αότη
1879 3047 1896 3130 ἡ
1918 3047 1973 3132 ζωὴ
1995 3042 2013 3131 ἦ

1226 3169 1275 3235 τόν
1294 3171 1397 3255 κόσμον
1415 3173 1560 3255 νικήσασα.
1584 3173 1642 3236 ἀλλ’
1664 3173 1680 3239 ό
1700 3176 1811 3258 Πίτρος
1824 3176 1925 3241 Καλόν
1940 3175 2013 3242 ε’στιν

1225 3291 1280 3361 ώδε
1293 3298 1366 3381 ημάς
1379 3296 1515 3365 εἶναικαὶ
1530 3300 1659 3365 ἐντεῦθεν
1670 3302 1768 3384 νεηελη
1781 3303 1813 3366 οό
1826 3301 1927 3386 γνόφου
1938 3303 2013 3369 ἀλλά

1225 3425 1321 3508 φωτός
1350 3427 1504 3493 ε’πεσκίασε.
1533 3427 1566 3495 τό
1595 3431 1774 3511 κεκρυμμένον
1798 3429 1852 3513 γάρ
1874 3429 1933 3494 ἀπὸ
1955 3435 2012 3495 τών

1226 3554 1336 3618 αι’ώνων
1355 3552 1402 3619 καὶ
1422 3555 1480 3620 ἀπό
1500 3560 1557 3620 τών
1578 3561 1677 3639 γενεών
1690 3557 1837 3640 μυστήριον
1851 3557 2012 3622 ε’κκιιλίνπτε-

1225 3698 1284 3745 ται·
1306 3681 1386 3766 ηωνη
1407 3687 1456 3747 τοῦ
1477 3682 1586 3766 πατρός
1608 3684 1637 3746 ἐκ
1659 3685 1773 3766 νεηίλης
1790 3691 1839 3748 τοῦ
1857 3684 2013 3767 πνεύματος

1225 3809 1332 3893 γε’γονε,
1360 3807 1407 3874 καί
1429 3809 1499 3887 δόξα
1522 3809 1642 3894 διηνεκὴς
1663 3809 1710 3875 καί
1732 3813 1926 3888 διαιωιίζουσα
1947 3814 2013 3877 δείκ-

1224 3963 1311 4002 νυται.

1288 4063 1322 4130 Ὁ
1337 4063 1366 4129 δὲ
1380 4065 1494 4148 Κρητης
1507 4068 1658 4140 θεσπίσιος
1670 4066 1804 4149 Ἀνδρίοις
1816 4064 1878 4132 Ἐπὶ
1892 4067 1925 4133 τό
1939 4065 2013 4150 όρος,

1225 4193 1323 4274 (μησίν,
1344 4192 1441 4276 ἀνώγει
1464 4192 1497 4257 τὸ
1517 4193 1627 4277 ὑψηλόν
1645 4195 1710 4267 τοὺς
1726 4194 1863 4278 μαθητάς
1881 4194 1896 4261 ό
1911 4194 2013 4279 σωτήρ,

1228 4321 1258 4384 τί
1268 4318 1399 4403 ποιήσων,
1421 4319 1438 4404 ἣ
1456 4323 1487 4387 τί
1502 4320 1636 4398 διδάξων,·
1658 4322 1708 4406 τίγν
1725 4320 2014 4405 ιὐτεραστράπτουσαν

1228 4450 1409 4529 παριιδείξων
1437 4452 1486 4531 τῆς
1515 4450 1618 4522 οἰκείας
1645 4448 1783 4532 θεότητος
1809 4448 1895 4526 δόξαν
1915 4475 1946 4514 τε
1966 4447 2014 4514 καί

1228 4573 1419 4658 λαμπρότητα.
1435 4581 1518 4641 τοῦτο
1532 4579 1622 4641 τοίνυν
1637 4574 1802 4659 ίορτάζομεν
1816 4574 1945 4660 σήμερον,
1965 4575 2014 4661 τίην

1228 4706 1277 4785 τῆς
1295 4701 1406 4785 φόσεως
1420 4706 1539 4776 θέωσιν,
1559 4703 1608 4786 την
1622 4704 1660 4776 είς
1674 4703 1706 4769 τό
1721 4715 1843 4786 κρεῖττον
1858 4704 2013 4778 ἀλλοιουστν,

1228 4830 1277 4913 την
1293 4827 1337 4895 ε’πί
1351 4829 1389 4894 τά
1404 4828 1471 4913 ὑπὲρ
1482 4827 1564 4914 φίοιν
1579 4832 1707 4896 ίκστασιν
1721 4829 1768 4895 καί
1781 4829 1928 4915 ἀνάβασιν,
1942 4831 2012 4895 καθ’

1228 4957 1261 5042 ἣν
1283 4955 1331 5021 καί
1352 4961 1401 5022 τοι]
1421 4960 1576 5041 κρείττονος
1597 4986 1613 5041 η
1632 4959 1764 5041 ἕκνίκησις
1781 4956 1799 5042 ἢ
1818 4957 1851 5024 τό
1874 4984 1903 5042 γε
1922 4955 2015 5041 κυριώ·

1229 5112 1307 5168 τερον
1329 5086 1413 5150 εἰπεῖν
1432 5084 1449 5169 ἡ
1467 5083 1652 5170 &vamme
1670 5087 1783 5160 θεόνσις.
1802 5091 1884 5151 τοῦτο
1902 5084 2016 5168 θαυμά-

1231 5216 1321 5290 ζουσιν
1354 5212 1478 5297 ἄγγελοι,
1510 5217 1594 5279 τοῦτο
1625 5215 1815 5299 δοξολογοόσιν
1844 5211 2016 5297 ἀρχόγγελικ,
