<?xml version="1.0" encoding="UTF-8"?>
<!DOCTYPE html PUBLIC "-//W3C//DTD XHTML 1.0 Transitional//EN"
    "http://www.w3.org/TR/xhtml1/DTD/xhtml1-transitional.dtd">
<html xmlns="http://www.w3.org/1999/xhtml" xml:lang="en" lang="en">
 <head>
  <title>
</title>
<meta http-equiv="Content-Type" content="text/html;charset=utf-8" />
  <meta name='ocr-system' content='tesseract 3.04.00' />
  <meta name='ocr-capabilities' content='ocr_page ocr_carea ocr_par ocr_line ocrx_word'/>
</head>
<body>
  <div class='ocr_page' id='page_1' title='image "anecdotasacraet00tiscgoog_0127.png"; bbox 0 0 4756 6194; ppageno 0'>
   <div class='ocr_carea' id='block_1_1' title="bbox 381 383 441 447">
    <p class='ocr_par' dir='ltr' id='par_1_1' title="bbox 381 383 441 447">
     <span class='ocr_line' id='line_1_1' title="bbox 381 383 441 447; baseline 0.017 -1"><span class='ocrx_word' id='word_1_1' title='bbox 381 383 441 447; x_wconf 85' lang='lat'><strong><em>108</em></strong></span> 
     </span>
    </p>
   </div>
   <div class='ocr_carea' id='block_1_2' title="bbox 375 573 2022 1432">
    <p class='ocr_par' dir='ltr' id='par_1_2' title="bbox 375 573 2022 1307">
     <span class='ocr_line' id='line_1_2' title="bbox 488 573 2020 669; baseline -0.007 -17"><span class='ocrx_word' id='word_1_2' title='bbox 488 592 525 653; x_wconf 85' lang='grc' dir='ltr'><strong><em>Θ.</em></strong></span> <span class='ocrx_word' id='word_1_3' title='bbox 542 587 705 669; x_wconf 86' lang='grc' dir='ltr'><strong><em>ΙΙροφητεία</em></strong></span> <span class='ocrx_word' id='word_1_4' title='bbox 719 581 780 666; x_wconf 77' lang='grc' dir='ltr'><strong><em>περὶ</em></strong></span> <span class='ocrx_word' id='word_1_5' title='bbox 789 587 912 667; x_wconf 90' lang='grc' dir='ltr'><strong><em>Χριστοῦ</em></strong></span> <span class='ocrx_word' id='word_1_6' title='bbox 926 586 1046 662; x_wconf 75' lang='grc' dir='ltr'><strong><em>ταπεινοῦ</em></strong></span> <span class='ocrx_word' id='word_1_7' title='bbox 1057 580 1174 665; x_wconf 81' lang='grc' dir='ltr'><strong><em>σχήματι</em></strong></span> <span class='ocrx_word' id='word_1_8' title='bbox 1188 583 1333 663; x_wconf 80' lang='grc' dir='ltr'><strong><em>μελλοντος</em></strong></span> <span class='ocrx_word' id='word_1_9' title='bbox 1346 582 1386 653; x_wconf 87' lang='grc' dir='ltr'><strong><em>είς</em></strong></span> <span class='ocrx_word' id='word_1_10' title='bbox 1399 580 1449 664; x_wconf 76' lang='grc' dir='ltr'><strong><em>τήν</em></strong></span> <span class='ocrx_word' id='word_1_11' title='bbox 1458 578 1633 664; x_wconf 76' lang='grc' dir='ltr'><strong><em>Ἰερουσαλήμ</em></strong></span> <span class='ocrx_word' id='word_1_12' title='bbox 1647 581 1756 643; x_wconf 81' lang='grc' dir='ltr'><strong><em>εἰσιέναι</em></strong></span> <span class='ocrx_word' id='word_1_13' title='bbox 1773 573 1859 661; x_wconf 86' lang='lat' dir='ltr'><strong>(eod.</strong></span> <span class='ocrx_word' id='word_1_14' title='bbox 1870 574 2020 661; x_wconf 81' lang='grc' dir='ltr'><strong><em>α’σειεῖναι)</em></strong></span> 
     </span>
     <span class='ocr_line' id='line_1_3' title="bbox 378 704 2022 796; baseline -0.007 -17"><span class='ocrx_word' id='word_1_15' title='bbox 378 714 422 780; x_wconf 74' lang='grc' dir='ltr'><strong><em>ε’πὶ</em></strong></span> <span class='ocrx_word' id='word_1_16' title='bbox 441 716 533 779; x_wconf 76' lang='grc' dir='ltr'><strong><em>πάλιν</em></strong></span> <span class='ocrx_word' id='word_1_17' title='bbox 553 711 600 777; x_wconf 76' lang='grc' dir='ltr'><strong><em>καὶ</em></strong></span> <span class='ocrx_word' id='word_1_18' title='bbox 618 718 667 796; x_wconf 87' lang='grc' dir='ltr'><strong><em>τής</em></strong></span> <span class='ocrx_word' id='word_1_19' title='bbox 684 711 785 795; x_wconf 84' lang='grc' dir='ltr'><strong><em>μητρὸς</em></strong></span> <span class='ocrx_word' id='word_1_20' title='bbox 806 711 906 785; x_wconf 89' lang='grc' dir='ltr'><strong><em>αῦτοῦ,</em></strong></span> <span class='ocrx_word' id='word_1_21' title='bbox 926 706 973 773; x_wconf 81' lang='grc' dir='ltr'><strong><em>καὶ</em></strong></span> <span class='ocrx_word' id='word_1_22' title='bbox 992 709 1160 793; x_wconf 79' lang='grc' dir='ltr'><strong><em>λαλήσοντος</em></strong></span> <span class='ocrx_word' id='word_1_23' title='bbox 1179 708 1283 792; x_wconf 74' lang='grc' dir='ltr'><strong><em>ειρήνην</em></strong></span> <span class='ocrx_word' id='word_1_24' title='bbox 1302 719 1360 781; x_wconf 80' lang='grc' dir='ltr'><strong><em>τοῖς</em></strong></span> <span class='ocrx_word' id='word_1_25' title='bbox 1380 710 1502 783; x_wconf 82' lang='grc' dir='ltr'><strong><em>ἔθνεσιν,</em></strong></span> <span class='ocrx_word' id='word_1_26' title='bbox 1523 705 1568 772; x_wconf 74' lang='grc' dir='ltr'><strong><em>καί</em></strong></span> <span class='ocrx_word' id='word_1_27' title='bbox 1586 706 1657 788; x_wconf 82' lang='grc' dir='ltr'><strong><em>μετὰ</em></strong></span> <span class='ocrx_word' id='word_1_28' title='bbox 1676 711 1767 770; x_wconf 88' lang='grc' dir='ltr'><strong><em>ταῦτα</em></strong></span> <span class='ocrx_word' id='word_1_29' title='bbox 1787 707 1973 789; x_wconf 63' lang='grc' dir='ltr'><strong><em>λυτρουμένου.</em></strong></span> <span class='ocrx_word' id='word_1_30' title='bbox 1988 704 2022 768; x_wconf 85' lang='grc' dir='ltr'><strong><em>τὸ</em></strong></span> 
     </span>
     <span class='ocr_line' id='line_1_4' title="bbox 376 833 2021 924; baseline -0.007 -17"><span class='ocrx_word' id='word_1_31' title='bbox 376 845 510 924; x_wconf 81' lang='grc' dir='ltr'><strong><em>λείψανον</em></strong></span> <span class='ocrx_word' id='word_1_32' title='bbox 524 846 573 906; x_wconf 91' lang='grc' dir='ltr'><strong><em>τοῦ</em></strong></span> <span class='ocrx_word' id='word_1_33' title='bbox 586 838 706 922; x_wconf 84' lang='grc' dir='ltr'><strong><em>Ἰσραήλ,</em></strong></span> <span class='ocrx_word' id='word_1_34' title='bbox 722 835 768 902; x_wconf 82' lang='grc' dir='ltr'><strong><em>καλ</em></strong></span> <span class='ocrx_word' id='word_1_35' title='bbox 783 837 924 919; x_wconf 87' lang='grc' dir='ltr'><strong><em>δυνάμεως</em></strong></span> <span class='ocrx_word' id='word_1_36' title='bbox 938 839 1076 919; x_wconf 71' lang='grc' dir='ltr'><strong><em>διδομεῦης</em></strong></span> <span class='ocrx_word' id='word_1_37' title='bbox 1090 836 1184 909; x_wconf 81' lang='grc' dir='ltr'><strong><em>αῦτοῖς</em></strong></span> <span class='ocrx_word' id='word_1_38' title='bbox 1198 836 1272 901; x_wconf 83' lang='grc' dir='ltr'><strong><em>κατὰ</em></strong></span> <span class='ocrx_word' id='word_1_39' title='bbox 1286 841 1342 899; x_wconf 87' lang='grc' dir='ltr'><strong><em>τῶν</em></strong></span> <span class='ocrx_word' id='word_1_40' title='bbox 1354 834 1501 918; x_wconf 70' lang='grc' dir='ltr'><strong><em>Ἑλλήνων,</em></strong></span> <span class='ocrx_word' id='word_1_41' title='bbox 1522 836 1673 916; x_wconf 80' lang='grc' dir='ltr'><strong><em>ε’νπολιμιρ</em></strong></span> <span class='ocrx_word' id='word_1_42' title='bbox 1688 834 1798 906; x_wconf 85' lang='grc' dir='ltr'><strong><em>οῦδενδς</em></strong></span> <span class='ocrx_word' id='word_1_43' title='bbox 1812 833 1905 897; x_wconf 79' lang='grc' dir='ltr'><strong><em>αὐτῶν</em></strong></span> <span class='ocrx_word' id='word_1_44' title='bbox 1920 835 1948 897; x_wconf 84' lang='grc' dir='ltr'><strong><em>έν</em></strong></span> <span class='ocrx_word' id='word_1_45' title='bbox 1963 834 2021 914; x_wconf 83' lang='grc' dir='ltr'><strong><em>αι’χ·</em></strong></span> 
     </span>
     <span class='ocr_line' id='line_1_5' title="bbox 375 959 2021 1054; baseline -0.006 -21"><span class='ocrx_word' id='word_1_46' title='bbox 375 971 504 1054; x_wconf 65' lang='grc' dir='ltr'><strong><em>μαλωσιήι</em></strong></span> <span class='ocrx_word' id='word_1_47' title='bbox 519 970 763 1048; x_wconf 73' lang='grc' dir='ltr'><strong><em>καταλειπομένου,</em></strong></span> <span class='ocrx_word' id='word_1_48' title='bbox 785 965 935 1047; x_wconf 75' lang='grc' dir='ltr'><strong><em>θαλάσσης</em></strong></span> <span class='ocrx_word' id='word_1_49' title='bbox 949 967 1133 1046; x_wconf 75' lang='grc' dir='ltr'><strong><em>διαιρουμινης</em></strong></span> <span class='ocrx_word' id='word_1_50' title='bbox 1153 964 1247 1037; x_wconf 82' lang='grc' dir='ltr'><strong><em>αῦτοῑς</em></strong></span> <span class='ocrx_word' id='word_1_51' title='bbox 1268 960 1353 1048; x_wconf 84' lang='lat' dir='ltr'>(cod.</span> <span class='ocrx_word' id='word_1_52' title='bbox 1370 959 1469 1047; x_wconf 75' lang='grc' dir='ltr'><strong><em>αὐτῆς)</em></strong></span> <span class='ocrx_word' id='word_1_53' title='bbox 1490 959 1537 1026; x_wconf 79' lang='grc' dir='ltr'><strong><em>καλ</em></strong></span> <span class='ocrx_word' id='word_1_54' title='bbox 1555 966 1690 1044; x_wconf 77' lang='grc' dir='ltr'><strong><em>ποταμῶν</em></strong></span> <span class='ocrx_word' id='word_1_55' title='bbox 1708 963 1917 1045; x_wconf 73' lang='grc' dir='ltr'><strong><em>ξηραινομινων.</em></strong></span> <span class='ocrx_word' id='word_1_56' title='bbox 1938 985 2021 1041; x_wconf 88' lang='grc' dir='ltr'><strong><em>προσ·</em></strong></span> 
     </span>
     <span class='ocr_line' id='line_1_6' title="bbox 377 1086 2020 1175; baseline -0.006 -14"><span class='ocrx_word' id='word_1_57' title='bbox 377 1102 461 1161; x_wconf 86' lang='grc' dir='ltr'><strong><em>δοκάν</em></strong></span> <span class='ocrx_word' id='word_1_58' title='bbox 476 1095 504 1160; x_wconf 77' lang='grc' dir='ltr'><strong><em>δὲ</em></strong></span> <span class='ocrx_word' id='word_1_59' title='bbox 520 1103 563 1160; x_wconf 84' lang='grc' dir='ltr'><strong><em>δεῖ</em></strong></span> <span class='ocrx_word' id='word_1_60' title='bbox 575 1099 673 1159; x_wconf 89' lang='grc' dir='ltr'><strong><em>ταῦτα.</em></strong></span> <span class='ocrx_word' id='word_1_61' title='bbox 688 1095 747 1159; x_wconf 85' lang='grc' dir='ltr'><strong><em>ἀπὸ</em></strong></span> <span class='ocrx_word' id='word_1_62' title='bbox 760 1098 809 1157; x_wconf 93' lang='grc' dir='ltr'><strong><em>τοῦ</em></strong></span> <span class='ocrx_word' id='word_1_63' title='bbox 821 1100 914 1173; x_wconf 87' lang='grc' dir='ltr'><strong><em>Χαῖρε</em></strong></span> <span class='ocrx_word' id='word_1_64' title='bbox 928 1090 1038 1175; x_wconf 77' lang='grc' dir='ltr'><strong><em>σιγόδρα</em></strong></span> <span class='ocrx_word' id='word_1_65' title='bbox 1052 1090 1179 1174; x_wconf 86' lang='grc' dir='ltr'><strong><em>θυγάτηρ</em></strong></span> <span class='ocrx_word' id='word_1_66' title='bbox 1194 1090 1282 1167; x_wconf 70' lang='grc' dir='ltr'><strong><em>Σωόν,</em></strong></span> <span class='ocrx_word' id='word_1_67' title='bbox 1297 1092 1350 1164; x_wconf 84' lang='grc' dir='ltr'><strong><em>έως</em></strong></span> <span class='ocrx_word' id='word_1_68' title='bbox 1363 1095 1412 1154; x_wconf 91' lang='grc' dir='ltr'><strong><em>τοῦ</em></strong></span> <span class='ocrx_word' id='word_1_69' title='bbox 1424 1087 1484 1154; x_wconf 78' lang='grc' dir='ltr'><strong><em>Καὶ</em></strong></span> <span class='ocrx_word' id='word_1_70' title='bbox 1500 1092 1528 1154; x_wconf 82' lang='grc' dir='ltr'><strong><em>ἐν</em></strong></span> <span class='ocrx_word' id='word_1_71' title='bbox 1542 1094 1582 1170; x_wconf 77' lang='grc' dir='ltr'><strong><em>τιή</em></strong></span> <span class='ocrx_word' id='word_1_72' title='bbox 1596 1089 1712 1171; x_wconf 88' lang='grc' dir='ltr'><strong><em>ὀνόματι</em></strong></span> <span class='ocrx_word' id='word_1_73' title='bbox 1727 1089 1812 1153; x_wconf 80' lang='grc' dir='ltr'><strong><em>αὐτοῦ</em></strong></span> <span class='ocrx_word' id='word_1_74' title='bbox 1827 1086 2020 1170; x_wconf 86' lang='grc' dir='ltr'><strong><em>καυχήσονται,</em></strong></span> 
     </span>
     <span class='ocr_line' id='line_1_7' title="bbox 376 1224 555 1307; baseline -0.011 -18"><span class='ocrx_word' id='word_1_75' title='bbox 376 1227 443 1307; x_wconf 79' lang='grc' dir='ltr'><strong><em>λέγει</em></strong></span> <span class='ocrx_word' id='word_1_76' title='bbox 458 1224 555 1306; x_wconf 82' lang='grc' dir='ltr'><strong><em>κῦριος.</em></strong></span> 
     </span>
    </p>

    <p class='ocr_par' dir='ltr' id='par_1_3' title="bbox 483 1341 2019 1432">
     <span class='ocr_line' id='line_1_8' title="bbox 483 1341 2019 1432; baseline -0.005 -19"><span class='ocrx_word' id='word_1_77' title='bbox 483 1358 507 1415; x_wconf 83' lang='grc' dir='ltr'><strong><em>λ.</em></strong></span> <span class='ocrx_word' id='word_1_78' title='bbox 526 1350 689 1432; x_wconf 74' lang='grc' dir='ltr'><strong><em>Ιλροιγητεια</em></strong></span> <span class='ocrx_word' id='word_1_79' title='bbox 704 1349 877 1429; x_wconf 72' lang='grc' dir='ltr'><strong><em>διαλυομενης</em></strong></span> <span class='ocrx_word' id='word_1_80' title='bbox 891 1350 940 1428; x_wconf 89' lang='grc' dir='ltr'><strong><em>τής</em></strong></span> <span class='ocrx_word' id='word_1_81' title='bbox 954 1345 1023 1425; x_wconf 84' lang='grc' dir='ltr'><strong><em>πρὸς</em></strong></span> <span class='ocrx_word' id='word_1_82' title='bbox 1037 1345 1073 1409; x_wconf 84' lang='grc' dir='ltr'><strong><em>τά</em></strong></span> <span class='ocrx_word' id='word_1_83' title='bbox 1088 1346 1157 1427; x_wconf 83' lang='grc' dir='ltr'><strong><em>ἔθνη</em></strong></span> <span class='ocrx_word' id='word_1_84' title='bbox 1172 1345 1308 1427; x_wconf 88' lang='grc' dir='ltr'><strong><em>διαθήκης</em></strong></span> <span class='ocrx_word' id='word_1_85' title='bbox 1323 1341 1368 1408; x_wconf 81' lang='grc' dir='ltr'><strong><em>καλ</em></strong></span> <span class='ocrx_word' id='word_1_86' title='bbox 1384 1346 1591 1427; x_wconf 69' lang='grc' dir='ltr'><strong><em>ε’πεγειρομελων</em></strong></span> <span class='ocrx_word' id='word_1_87' title='bbox 1605 1344 1730 1426; x_wconf 74' lang='grc' dir='ltr'><strong><em>ἀλλήλοις</em></strong></span> <span class='ocrx_word' id='word_1_88' title='bbox 1740 1347 1796 1407; x_wconf 91' lang='grc' dir='ltr'><strong><em>τῶν</em></strong></span> <span class='ocrx_word' id='word_1_89' title='bbox 1807 1343 2019 1425; x_wconf 72' lang='grc' dir='ltr'><strong><em>ἀπιστησάντων</em></strong></span> 
     </span>
    </p>
   </div>
   <div class='ocr_carea' id='block_1_3' title="bbox 375 1469 2019 1559">
    <p class='ocr_par' dir='ltr' id='par_1_4' title="bbox 375 1469 2019 1559">
     <span class='ocr_line' id='line_1_9' title="bbox 375 1469 2019 1559; baseline -0.005 -18"><span class='ocrx_word' id='word_1_90' title='bbox 375 1481 481 1552; x_wconf 83' lang='grc' dir='ltr'><strong><em>ἐθνῶν,</em></strong></span> <span class='ocrx_word' id='word_1_91' title='bbox 503 1479 676 1559; x_wconf 71' lang='grc' dir='ltr'><strong><em>διαλυομενης</em></strong></span> <span class='ocrx_word' id='word_1_92' title='bbox 691 1474 719 1539; x_wconf 77' lang='grc' dir='ltr'><strong><em>δὲ</em></strong></span> <span class='ocrx_word' id='word_1_93' title='bbox 733 1476 803 1556; x_wconf 84' lang='grc' dir='ltr'><strong><em>μετὰ</em></strong></span> <span class='ocrx_word' id='word_1_94' title='bbox 818 1479 909 1538; x_wconf 87' lang='grc' dir='ltr'><strong><em>τιιῦτα</em></strong></span> <span class='ocrx_word' id='word_1_95' title='bbox 924 1469 970 1537; x_wconf 76' lang='grc' dir='ltr'><strong><em>καὶ</em></strong></span> <span class='ocrx_word' id='word_1_96' title='bbox 984 1477 1033 1555; x_wconf 83' lang='grc' dir='ltr'><strong><em>τής</em></strong></span> <span class='ocrx_word' id='word_1_97' title='bbox 1047 1473 1116 1555; x_wconf 83' lang='grc' dir='ltr'><strong><em>πρὸς</em></strong></span> <span class='ocrx_word' id='word_1_98' title='bbox 1130 1473 1178 1537; x_wconf 86' lang='grc' dir='ltr'><strong><em>τὸν</em></strong></span> <span class='ocrx_word' id='word_1_99' title='bbox 1191 1472 1299 1557; x_wconf 82' lang='grc' dir='ltr'><strong><em>Ἰσραήλ</em></strong></span> <span class='ocrx_word' id='word_1_100' title='bbox 1314 1469 1361 1536; x_wconf 78' lang='grc' dir='ltr'><strong><em>καὶ</em></strong></span> <span class='ocrx_word' id='word_1_101' title='bbox 1376 1475 1576 1556; x_wconf 73' lang='grc' dir='ltr'><strong><em>ἐπεγειρομενον</em></strong></span> <span class='ocrx_word' id='word_1_102' title='bbox 1590 1476 1639 1535; x_wconf 88' lang='grc' dir='ltr'><strong><em>τοῦ</em></strong></span> <span class='ocrx_word' id='word_1_103' title='bbox 1652 1472 1852 1554; x_wconf 75' lang='grc' dir='ltr'><strong><em>Ἀντιγριστυυ,</em></strong></span> <span class='ocrx_word' id='word_1_104' title='bbox 1872 1469 1944 1535; x_wconf 87' lang='grc' dir='ltr'><strong><em>ὅπου</em></strong></span> <span class='ocrx_word' id='word_1_105' title='bbox 1964 1474 2019 1533; x_wconf 86' lang='grc' dir='ltr'><strong><em>τῶν</em></strong></span> 
     </span>
    </p>
   </div>
   <div class='ocr_carea' id='block_1_4' title="bbox 376 1593 2018 1689">
    <p class='ocr_par' dir='ltr' id='par_1_5' title="bbox 376 1593 2018 1689">
     <span class='ocr_line' id='line_1_10' title="bbox 376 1593 2018 1689; baseline -0.005 -21"><span class='ocrx_word' id='word_1_106' title='bbox 376 1605 424 1668; x_wconf 91' lang='grc' dir='ltr'><strong><em>δῦο</em></strong></span> <span class='ocrx_word' id='word_1_107' title='bbox 437 1604 547 1689; x_wconf 80' lang='grc' dir='ltr'><strong><em>ῥάβδων</em></strong></span> <span class='ocrx_word' id='word_1_108' title='bbox 562 1602 578 1667; x_wconf 88' lang='grc' dir='ltr'>ὁ</span> <span class='ocrx_word' id='word_1_109' title='bbox 593 1603 686 1675; x_wconf 83' lang='grc' dir='ltr'><strong><em>τόπος.</em></strong></span> <span class='ocrx_word' id='word_1_110' title='bbox 702 1603 821 1666; x_wconf 87' lang='grc' dir='ltr'><strong><em>ἀπὸτοῦ</em></strong></span> <span class='ocrx_word' id='word_1_111' title='bbox 836 1602 893 1665; x_wconf 81' lang='grc' dir='ltr'><strong><em>Διά</em></strong></span> <span class='ocrx_word' id='word_1_112' title='bbox 909 1605 991 1664; x_wconf 89' lang='grc' dir='ltr'><strong><em>τοῦτο</em></strong></span> <span class='ocrx_word' id='word_1_113' title='bbox 1004 1601 1036 1664; x_wconf 89' lang='grc' dir='ltr'><strong><em>οῦ</em></strong></span> <span class='ocrx_word' id='word_1_114' title='bbox 1050 1601 1180 1683; x_wconf 73' lang='grc' dir='ltr'><strong><em>φείσομαι</em></strong></span> <span class='ocrx_word' id='word_1_115' title='bbox 1201 1600 1288 1664; x_wconf 87' lang='grc' dir='ltr'><strong><em>οῦκέτι</em></strong></span> <span class='ocrx_word' id='word_1_116' title='bbox 1310 1596 1353 1663; x_wconf 79' lang='grc' dir='ltr'><strong><em>ε’πλ</em></strong></span> <span class='ocrx_word' id='word_1_117' title='bbox 1374 1601 1438 1673; x_wconf 85' lang='grc' dir='ltr'><strong><em>τοῦς</em></strong></span> <span class='ocrx_word' id='word_1_118' title='bbox 1456 1603 1652 1671; x_wconf 76' lang='grc' dir='ltr'><strong><em>κατοικοῦντας</em></strong></span> <span class='ocrx_word' id='word_1_119' title='bbox 1671 1598 1721 1683; x_wconf 84' lang='grc' dir='ltr'><strong><em>τήν</em></strong></span> <span class='ocrx_word' id='word_1_120' title='bbox 1739 1603 1800 1681; x_wconf 81' lang='grc' dir='ltr'><strong><em>γήν,</em></strong></span> <span class='ocrx_word' id='word_1_121' title='bbox 1823 1600 1875 1671; x_wconf 87' lang='grc' dir='ltr'><strong><em>έως</em></strong></span> <span class='ocrx_word' id='word_1_122' title='bbox 1894 1602 1942 1660; x_wconf 90' lang='grc' dir='ltr'><strong><em>τοῦ</em></strong></span> <span class='ocrx_word' id='word_1_123' title='bbox 1958 1593 2018 1661; x_wconf 73' lang='grc' dir='ltr'><strong><em>Καὶ</em></strong></span> 
     </span>
    </p>
   </div>
   <div class='ocr_carea' id='block_1_5' title="bbox 367 1726 2090 4234">
    <p class='ocr_par' dir='ltr' id='par_1_6' title="bbox 375 1726 1276 1816">
     <span class='ocr_line' id='line_1_11' title="bbox 375 1726 1276 1816; baseline -0.004 -22"><span class='ocrx_word' id='word_1_124' title='bbox 375 1731 556 1816; x_wconf 77' lang='grc' dir='ltr'><strong><em>ὁῦφθαλμὸς</em></strong></span> <span class='ocrx_word' id='word_1_125' title='bbox 571 1731 655 1793; x_wconf 81' lang='grc' dir='ltr'><strong><em>αὐτοῦ</em></strong></span> <span class='ocrx_word' id='word_1_126' title='bbox 670 1728 686 1793; x_wconf 88' lang='grc' dir='ltr'><strong>ὁ</strong></span> <span class='ocrx_word' id='word_1_127' title='bbox 701 1730 787 1806; x_wconf 77' lang='grc' dir='ltr'><strong><em>δεξιός</em></strong></span> <span class='ocrx_word' id='word_1_128' title='bbox 798 1727 1010 1812; x_wconf 79' lang='grc' dir='ltr'><strong><em>ἐκτυφλοόμενος</em></strong></span> <span class='ocrx_word' id='word_1_129' title='bbox 1025 1726 1276 1811; x_wconf 77' lang='grc' dir='ltr'><strong><em>ε’κτυιηλωθήσεται.</em></strong></span> 
     </span>
    </p>

    <p class='ocr_par' dir='ltr' id='par_1_7' title="bbox 373 1851 2018 2576">
     <span class='ocr_line' id='line_1_12' title="bbox 480 1851 2018 1940; baseline -0.004 -19"><span class='ocrx_word' id='word_1_130' title='bbox 480 1861 539 1923; x_wconf 86' lang='grc' dir='ltr'><strong><em>ΙΑ.</em></strong></span> <span class='ocrx_word' id='word_1_131' title='bbox 566 1857 722 1940; x_wconf 85' lang='grc' dir='ltr'><strong><em>Ιλρόρρησις</em></strong></span> <span class='ocrx_word' id='word_1_132' title='bbox 740 1857 905 1938; x_wconf 87' lang='grc' dir='ltr'><strong><em>πεσουμένης</em></strong></span> <span class='ocrx_word' id='word_1_133' title='bbox 923 1859 975 1938; x_wconf 79' lang='grc' dir='ltr'><strong><em>της</em></strong></span> <span class='ocrx_word' id='word_1_134' title='bbox 992 1853 1167 1938; x_wconf 74' lang='grc' dir='ltr'><strong><em>Ἰερουσαλήμ</em></strong></span> <span class='ocrx_word' id='word_1_135' title='bbox 1185 1851 1231 1918; x_wconf 74' lang='grc' dir='ltr'><strong><em>καὶ</em></strong></span> <span class='ocrx_word' id='word_1_136' title='bbox 1249 1852 1305 1919; x_wconf 87' lang='grc' dir='ltr'><strong><em>ῦπδ</em></strong></span> <span class='ocrx_word' id='word_1_137' title='bbox 1324 1857 1417 1919; x_wconf 88' lang='grc' dir='ltr'><strong><em>ε’θνῶν</em></strong></span> <span class='ocrx_word' id='word_1_138' title='bbox 1436 1851 1482 1918; x_wconf 74' lang='grc' dir='ltr'><strong><em>καὶ</em></strong></span> <span class='ocrx_word' id='word_1_139' title='bbox 1502 1859 1558 1918; x_wconf 88' lang='grc' dir='ltr'><strong><em>τῶν</em></strong></span> <span class='ocrx_word' id='word_1_140' title='bbox 1577 1856 1713 1935; x_wconf 79' lang='grc' dir='ltr'><strong><em>πολεμιων</em></strong></span> <span class='ocrx_word' id='word_1_141' title='bbox 1732 1856 2018 1935; x_wconf 85' lang='grc' dir='ltr'><strong><em>ταπεινωθησομένων</em></strong></span> 
     </span>
     <span class='ocr_line' id='line_1_13' title="bbox 375 1977 2018 2067; baseline -0.003 -17"><span class='ocrx_word' id='word_1_142' title='bbox 375 1983 421 2050; x_wconf 77' lang='grc' dir='ltr'><strong><em>καὶ</em></strong></span> <span class='ocrx_word' id='word_1_143' title='bbox 440 1985 573 2067; x_wconf 84' lang='grc' dir='ltr'><strong><em>λειψάνου</em></strong></span> <span class='ocrx_word' id='word_1_144' title='bbox 593 1986 702 2066; x_wconf 68' lang='grc' dir='ltr'><strong><em>ισχυροῦ</em></strong></span> <span class='ocrx_word' id='word_1_145' title='bbox 720 1988 866 2064; x_wconf 76' lang='grc' dir='ltr'><strong><em>μενοῦντος</em></strong></span> <span class='ocrx_word' id='word_1_146' title='bbox 886 1985 915 2046; x_wconf 78' lang='grc' dir='ltr'><strong><em>ἐν</em></strong></span> <span class='ocrx_word' id='word_1_147' title='bbox 928 1981 1103 2067; x_wconf 72' lang='grc' dir='ltr'><strong><em>Ἰερουσαλήμ</em></strong></span> <span class='ocrx_word' id='word_1_148' title='bbox 1122 1978 1169 2046; x_wconf 76' lang='grc' dir='ltr'><strong><em>καὶ</em></strong></span> <span class='ocrx_word' id='word_1_149' title='bbox 1190 1982 1416 2054; x_wconf 89' lang='grc' dir='ltr'><strong><em>κατακαῦσυντος</em></strong></span> <span class='ocrx_word' id='word_1_150' title='bbox 1434 1982 1471 2047; x_wconf 84' lang='grc' dir='ltr'><strong><em>τά</em></strong></span> <span class='ocrx_word' id='word_1_151' title='bbox 1491 1983 1560 2064; x_wconf 83' lang='grc' dir='ltr'><strong><em>ἔθνη</em></strong></span> <span class='ocrx_word' id='word_1_152' title='bbox 1579 1979 1626 2045; x_wconf 76' lang='grc' dir='ltr'><strong><em>καὶ</em></strong></span> <span class='ocrx_word' id='word_1_153' title='bbox 1641 1984 1776 2065; x_wconf 88' lang='grc' dir='ltr'><strong><em>βοηθείας</em></strong></span> <span class='ocrx_word' id='word_1_154' title='bbox 1790 1985 1861 2046; x_wconf 85' lang='grc' dir='ltr'><strong><em>θεοῦ</em></strong></span> <span class='ocrx_word' id='word_1_155' title='bbox 1876 1977 1923 2045; x_wconf 73' lang='grc' dir='ltr'><strong><em>καὶ</em></strong></span> <span class='ocrx_word' id='word_1_156' title='bbox 1938 1980 2018 2063; x_wconf 80' lang='grc' dir='ltr'><strong><em>δόξης</em></strong></span> 
     </span>
     <span class='ocr_line' id='line_1_14' title="bbox 375 2106 2017 2195; baseline -0.003 -18"><span class='ocrx_word' id='word_1_157' title='bbox 375 2115 534 2195; x_wconf 81' lang='grc' dir='ltr'><strong><em>τευξομίνου</em></strong></span> <span class='ocrx_word' id='word_1_158' title='bbox 552 2109 598 2176; x_wconf 79' lang='grc' dir='ltr'><strong><em>καλ</em></strong></span> <span class='ocrx_word' id='word_1_159' title='bbox 614 2111 725 2193; x_wconf 86' lang='grc' dir='ltr'><strong><em>χάριτος</em></strong></span> <span class='ocrx_word' id='word_1_160' title='bbox 739 2112 928 2193; x_wconf 68' lang='grc' dir='ltr'><strong><em>δοθιγσομεῦης</em></strong></span> <span class='ocrx_word' id='word_1_161' title='bbox 941 2121 999 2183; x_wconf 83' lang='grc' dir='ltr'><strong><em>τοῖς</em></strong></span> <span class='ocrx_word' id='word_1_162' title='bbox 1013 2109 1181 2185; x_wconf 77' lang='grc' dir='ltr'><strong><em>πιστεύουσι,</em></strong></span> <span class='ocrx_word' id='word_1_163' title='bbox 1201 2113 1318 2174; x_wconf 89' lang='grc' dir='ltr'><strong><em>κοπετοῦ</em></strong></span> <span class='ocrx_word' id='word_1_164' title='bbox 1333 2108 1362 2172; x_wconf 77' lang='grc' dir='ltr'><strong><em>δὲ</em></strong></span> <span class='ocrx_word' id='word_1_165' title='bbox 1376 2108 1489 2192; x_wconf 78' lang='grc' dir='ltr'><strong><em>ἥξοντος</em></strong></span> <span class='ocrx_word' id='word_1_166' title='bbox 1503 2111 1531 2173; x_wconf 82' lang='grc' dir='ltr'><strong><em>ἐν</em></strong></span> <span class='ocrx_word' id='word_1_167' title='bbox 1545 2111 1678 2193; x_wconf 64' lang='grc' dir='ltr'><strong><em>ε’πιιγανιήι</em></strong></span> <span class='ocrx_word' id='word_1_168' title='bbox 1693 2113 1818 2190; x_wconf 83' lang='grc' dir='ltr'><strong><em>Χριστοῦ</em></strong></span> <span class='ocrx_word' id='word_1_169' title='bbox 1832 2118 1890 2182; x_wconf 78' lang='grc' dir='ltr'><strong><em>τοῖς</em></strong></span> <span class='ocrx_word' id='word_1_170' title='bbox 1904 2106 2017 2191; x_wconf 66' lang='grc' dir='ltr'><strong><em>ἀπιστίη</em></strong></span> 
     </span>
     <span class='ocr_line' id='line_1_15' title="bbox 373 2232 2016 2322; baseline -0.004 -17"><span class='ocrx_word' id='word_1_171' title='bbox 373 2266 440 2305; x_wconf 89' lang='grc' dir='ltr'><strong><em>σασι</em></strong></span> <span class='ocrx_word' id='word_1_172' title='bbox 457 2237 503 2304; x_wconf 79' lang='grc' dir='ltr'><strong><em>καὶ</em></strong></span> <span class='ocrx_word' id='word_1_173' title='bbox 523 2244 557 2320; x_wconf 79' lang='grc' dir='ltr'><strong><em>τῇ</em></strong></span> <span class='ocrx_word' id='word_1_174' title='bbox 576 2240 764 2322; x_wconf 62' lang='grc' dir='ltr'><strong><em>χριστοκτονιήι</em></strong></span> <span class='ocrx_word' id='word_1_175' title='bbox 782 2241 962 2320; x_wconf 69' lang='grc' dir='ltr'><strong><em>συντρεγουσι.</em></strong></span> <span class='ocrx_word' id='word_1_176' title='bbox 982 2234 1029 2301; x_wconf 75' lang='grc' dir='ltr'><strong><em>καὶ</em></strong></span> <span class='ocrx_word' id='word_1_177' title='bbox 1047 2237 1193 2320; x_wconf 84' lang='grc' dir='ltr'><strong><em>πρόρρησις</em></strong></span> <span class='ocrx_word' id='word_1_178' title='bbox 1212 2237 1382 2319; x_wconf 86' lang='grc' dir='ltr'><strong><em>καθάρσεως</em></strong></span> <span class='ocrx_word' id='word_1_179' title='bbox 1404 2238 1432 2301; x_wconf 85' lang='grc' dir='ltr'><strong><em>έν</em></strong></span> <span class='ocrx_word' id='word_1_180' title='bbox 1452 2234 1532 2301; x_wconf 85' lang='grc' dir='ltr'><strong><em>ῦδατι</em></strong></span> <span class='ocrx_word' id='word_1_181' title='bbox 1554 2238 1692 2319; x_wconf 71' lang='grc' dir='ltr'><strong><em>διδομένης</em></strong></span> <span class='ocrx_word' id='word_1_182' title='bbox 1713 2238 1807 2299; x_wconf 76' lang='grc' dir='ltr'><strong><em>ἕπεται</em></strong></span> <span class='ocrx_word' id='word_1_183' title='bbox 1828 2235 1947 2312; x_wconf 82' lang='grc' dir='ltr'><strong><em>τοῦτας,</em></strong></span> <span class='ocrx_word' id='word_1_184' title='bbox 1970 2232 2016 2298; x_wconf 83' lang='grc' dir='ltr'><strong><em>καλ</em></strong></span> 
     </span>
     <span class='ocr_line' id='line_1_16' title="bbox 373 2360 2016 2452; baseline -0.003 -20"><span class='ocrx_word' id='word_1_185' title='bbox 373 2368 520 2452; x_wconf 86' lang='grc' dir='ltr'><strong><em>πρόρρησις</em></strong></span> <span class='ocrx_word' id='word_1_186' title='bbox 531 2366 725 2447; x_wconf 76' lang='grc' dir='ltr'><strong><em>ἀναιρουμένης</em></strong></span> <span class='ocrx_word' id='word_1_187' title='bbox 735 2367 961 2447; x_wconf 75' lang='grc' dir='ltr'><strong><em>είδωλολατρειας</em></strong></span> <span class='ocrx_word' id='word_1_188' title='bbox 970 2360 1018 2428; x_wconf 75' lang='grc' dir='ltr'><strong><em>καλ</em></strong></span> <span class='ocrx_word' id='word_1_189' title='bbox 1028 2364 1147 2428; x_wconf 79' lang='grc' dir='ltr'><strong><em>ειδῶλων</em></strong></span> <span class='ocrx_word' id='word_1_190' title='bbox 1157 2362 1205 2429; x_wconf 77' lang='grc' dir='ltr'><strong><em>καὶ</em></strong></span> <span class='ocrx_word' id='word_1_191' title='bbox 1215 2366 1473 2447; x_wconf 72' lang='grc' dir='ltr'><strong><em>ψευδοπροφητειας</em></strong></span> <span class='ocrx_word' id='word_1_192' title='bbox 1481 2363 1581 2446; x_wconf 90' lang='grc' dir='ltr'><strong><em>πάσης.</em></strong></span> <span class='ocrx_word' id='word_1_193' title='bbox 1590 2365 1648 2429; x_wconf 87' lang='grc' dir='ltr'><strong><em>ἀπὸ</em></strong></span> <span class='ocrx_word' id='word_1_194' title='bbox 1659 2369 1708 2428; x_wconf 89' lang='grc' dir='ltr'><strong><em>τοῦ</em></strong></span> <span class='ocrx_word' id='word_1_195' title='bbox 1714 2367 1822 2446; x_wconf 82' lang='grc' dir='ltr'><strong><em>Λήμμα</em></strong></span> <span class='ocrx_word' id='word_1_196' title='bbox 1831 2362 1913 2448; x_wconf 86' lang='grc' dir='ltr'><strong><em>λόγον</em></strong></span> <span class='ocrx_word' id='word_1_197' title='bbox 1924 2365 2016 2447; x_wconf 77' lang='grc' dir='ltr'><strong><em>κυρῶν</em></strong></span> 
     </span>
     <span class='ocr_line' id='line_1_17' title="bbox 373 2488 2015 2576; baseline -0.002 -17"><span class='ocrx_word' id='word_1_198' title='bbox 373 2493 417 2559; x_wconf 85' lang='grc' dir='ltr'><strong><em>ε’πλ</em></strong></span> <span class='ocrx_word' id='word_1_199' title='bbox 431 2495 479 2560; x_wconf 78' lang='grc' dir='ltr'><strong><em>τόν</em></strong></span> <span class='ocrx_word' id='word_1_200' title='bbox 491 2493 612 2576; x_wconf 82' lang='grc' dir='ltr'><strong><em>Ἰσραήλ,</em></strong></span> <span class='ocrx_word' id='word_1_201' title='bbox 631 2495 699 2576; x_wconf 82' lang='grc' dir='ltr'><strong><em>λέγει</em></strong></span> <span class='ocrx_word' id='word_1_202' title='bbox 713 2492 814 2575; x_wconf 86' lang='grc' dir='ltr'><strong><em>κῦρως,</em></strong></span> <span class='ocrx_word' id='word_1_203' title='bbox 830 2494 953 2556; x_wconf 75' lang='grc' dir='ltr'><strong><em>ἐκτείνων</em></strong></span> <span class='ocrx_word' id='word_1_204' title='bbox 968 2492 1097 2573; x_wconf 89' lang='grc' dir='ltr'><strong><em>οῦρανόν,</em></strong></span> <span class='ocrx_word' id='word_1_205' title='bbox 1113 2494 1165 2565; x_wconf 78' lang='grc' dir='ltr'><strong><em>ἕως</em></strong></span> <span class='ocrx_word' id='word_1_206' title='bbox 1178 2496 1227 2556; x_wconf 92' lang='grc' dir='ltr'><strong><em>τοῦ</em></strong></span> <span class='ocrx_word' id='word_1_207' title='bbox 1244 2488 1303 2555; x_wconf 76' lang='grc' dir='ltr'><strong><em>Καὶ</em></strong></span> <span class='ocrx_word' id='word_1_208' title='bbox 1319 2492 1351 2556; x_wconf 88' lang='grc' dir='ltr'><strong><em>τὸ</em></strong></span> <span class='ocrx_word' id='word_1_209' title='bbox 1365 2495 1473 2575; x_wconf 85' lang='grc' dir='ltr'><strong><em>πνεῦμα</em></strong></span> <span class='ocrx_word' id='word_1_210' title='bbox 1488 2492 1520 2556; x_wconf 87' lang='grc' dir='ltr'><strong><em>τὸ</em></strong></span> <span class='ocrx_word' id='word_1_211' title='bbox 1535 2491 1703 2575; x_wconf 85' lang='grc' dir='ltr'><strong><em>ἀκάθαρτον</em></strong></span> <span class='ocrx_word' id='word_1_212' title='bbox 1718 2493 1809 2573; x_wconf 68' lang='grc' dir='ltr'><strong><em>ελξιιριῦ</em></strong></span> <span class='ocrx_word' id='word_1_213' title='bbox 1824 2490 1883 2555; x_wconf 84' lang='grc' dir='ltr'><strong><em>ἀπὸ</em></strong></span> <span class='ocrx_word' id='word_1_214' title='bbox 1896 2494 1946 2573; x_wconf 84' lang='grc' dir='ltr'><strong><em>τῆς</em></strong></span> <span class='ocrx_word' id='word_1_215' title='bbox 1959 2494 2015 2575; x_wconf 78' lang='grc' dir='ltr'><strong><em>γῆς.</em></strong></span> 
     </span>
    </p>

    <p class='ocr_par' dir='ltr' id='par_1_8' title="bbox 370 2615 2015 2832">
     <span class='ocr_line' id='line_1_18' title="bbox 481 2615 2015 2703; baseline -0.001 -19"><span class='ocrx_word' id='word_1_216' title='bbox 481 2627 534 2685; x_wconf 88' lang='grc' dir='ltr'><strong><em>ΙΒ.</em></strong></span> <span class='ocrx_word' id='word_1_217' title='bbox 564 2620 720 2703; x_wconf 86' lang='grc' dir='ltr'><strong><em>ΙΙρόρρη-σις</em></strong></span> <span class='ocrx_word' id='word_1_218' title='bbox 740 2620 855 2693; x_wconf 87' lang='grc' dir='ltr'><strong><em>πάθους</em></strong></span> <span class='ocrx_word' id='word_1_219' title='bbox 876 2623 999 2702; x_wconf 85' lang='grc' dir='ltr'><strong><em>Χριστοῦ</em></strong></span> <span class='ocrx_word' id='word_1_220' title='bbox 1022 2617 1067 2682; x_wconf 79' lang='grc' dir='ltr'><strong><em>καὶ</em></strong></span> <span class='ocrx_word' id='word_1_221' title='bbox 1089 2619 1208 2702; x_wconf 85' lang='grc' dir='ltr'><strong><em>κλήσεως</em></strong></span> <span class='ocrx_word' id='word_1_222' title='bbox 1229 2622 1321 2683; x_wconf 83' lang='grc' dir='ltr'><strong><em>ἐθνῶν</em></strong></span> <span class='ocrx_word' id='word_1_223' title='bbox 1343 2615 1389 2683; x_wconf 70' lang='grc' dir='ltr'><strong><em>καί</em></strong></span> <span class='ocrx_word' id='word_1_224' title='bbox 1415 2621 1577 2700; x_wconf 80' lang='grc' dir='ltr'><strong><em>δοκιμασίας</em></strong></span> <span class='ocrx_word' id='word_1_225' title='bbox 1601 2623 1656 2682; x_wconf 90' lang='grc' dir='ltr'><strong><em>τῶν</em></strong></span> <span class='ocrx_word' id='word_1_226' title='bbox 1680 2621 1849 2700; x_wconf 85' lang='grc' dir='ltr'><strong><em>σωζομένων.</em></strong></span> <span class='ocrx_word' id='word_1_227' title='bbox 1883 2618 1941 2683; x_wconf 89' lang='grc' dir='ltr'><strong><em>ἀπὸ</em></strong></span> <span class='ocrx_word' id='word_1_228' title='bbox 1966 2623 2015 2682; x_wconf 87' lang='grc' dir='ltr'><strong><em>τοῦ</em></strong></span> 
     </span>
     <span class='ocr_line' id='line_1_19' title="bbox 370 2743 1687 2832; baseline -0.002 -20"><span class='ocrx_word' id='word_1_229' title='bbox 370 2747 510 2832; x_wconf 76' lang='grc' dir='ltr'><strong><em>Ῥομιηαία</em></strong></span> <span class='ocrx_word' id='word_1_230' title='bbox 524 2749 680 2831; x_wconf 66' lang='grc' dir='ltr'><strong><em>εξεγέρθητι</em></strong></span> <span class='ocrx_word' id='word_1_231' title='bbox 695 2743 739 2810; x_wconf 78' lang='grc' dir='ltr'><strong><em>ἐπὶ</em></strong></span> <span class='ocrx_word' id='word_1_232' title='bbox 753 2747 800 2811; x_wconf 86' lang='grc' dir='ltr'><strong><em>τὸν</em></strong></span> <span class='ocrx_word' id='word_1_233' title='bbox 815 2750 930 2828; x_wconf 83' lang='grc' dir='ltr'><strong><em>ποιμένα</em></strong></span> <span class='ocrx_word' id='word_1_234' title='bbox 943 2774 1008 2829; x_wconf 90' lang='grc' dir='ltr'><strong><em>μου,</em></strong></span> <span class='ocrx_word' id='word_1_235' title='bbox 1023 2749 1075 2819; x_wconf 76' lang='grc' dir='ltr'><strong><em>ἕως</em></strong></span> <span class='ocrx_word' id='word_1_236' title='bbox 1089 2751 1138 2810; x_wconf 92' lang='grc' dir='ltr'><strong><em>τοῦ</em></strong></span> <span class='ocrx_word' id='word_1_237' title='bbox 1153 2743 1213 2809; x_wconf 72' lang='grc' dir='ltr'><strong><em>Καὶ</em></strong></span> <span class='ocrx_word' id='word_1_238' title='bbox 1230 2747 1314 2819; x_wconf 84' lang='grc' dir='ltr'><strong><em>αῦτὸς</em></strong></span> <span class='ocrx_word' id='word_1_239' title='bbox 1328 2748 1385 2827; x_wconf 86' lang='grc' dir='ltr'><strong><em>ε’ρεῐ</em></strong></span> <span class='ocrx_word' id='word_1_240' title='bbox 1396 2744 1529 2828; x_wconf 86' lang='grc' dir='ltr'><strong><em>Κόριοςὸ</em></strong></span> <span class='ocrx_word' id='word_1_241' title='bbox 1545 2746 1614 2818; x_wconf 90' lang='grc' dir='ltr'><strong><em>θεός</em></strong></span> <span class='ocrx_word' id='word_1_242' title='bbox 1627 2773 1687 2827; x_wconf 87' lang='grc' dir='ltr'><strong><em>μου,</em></strong></span> 
     </span>
    </p>

    <p class='ocr_par' dir='ltr' id='par_1_9' title="bbox 368 2870 2090 3839">
     <span class='ocr_line' id='line_1_20' title="bbox 480 2870 2015 2957; baseline 0.001 -20"><span class='ocrx_word' id='word_1_243' title='bbox 480 2881 532 2938; x_wconf 88' lang='grc' dir='ltr'><strong><em>ΙΓ.</em></strong></span> <span class='ocrx_word' id='word_1_244' title='bbox 555 2873 710 2957; x_wconf 86' lang='grc' dir='ltr'><strong><em>ΙΙρόρρησις</em></strong></span> <span class='ocrx_word' id='word_1_245' title='bbox 728 2874 895 2957; x_wconf 78' lang='grc' dir='ltr'><strong><em>πορθήσεως</em></strong></span> <span class='ocrx_word' id='word_1_246' title='bbox 913 2879 961 2956; x_wconf 78' lang='grc' dir='ltr'><strong><em>της</em></strong></span> <span class='ocrx_word' id='word_1_247' title='bbox 973 2872 1162 2957; x_wconf 78' lang='grc' dir='ltr'><strong><em>Ἰερουσαλήμ,</em></strong></span> <span class='ocrx_word' id='word_1_248' title='bbox 1185 2874 1320 2956; x_wconf 80' lang='grc' dir='ltr'><strong><em>λειψάνου</em></strong></span> <span class='ocrx_word' id='word_1_249' title='bbox 1340 2873 1368 2937; x_wconf 74' lang='grc' dir='ltr'><strong><em>δὲ</em></strong></span> <span class='ocrx_word' id='word_1_250' title='bbox 1387 2877 1532 2956; x_wconf 86' lang='grc' dir='ltr'><strong><em>μενοῦντος</em></strong></span> <span class='ocrx_word' id='word_1_251' title='bbox 1550 2870 1597 2938; x_wconf 75' lang='grc' dir='ltr'><strong><em>καὶ</em></strong></span> <span class='ocrx_word' id='word_1_252' title='bbox 1610 2873 1681 2954; x_wconf 84' lang='grc' dir='ltr'><strong><em>μετά</em></strong></span> <span class='ocrx_word' id='word_1_253' title='bbox 1696 2878 1787 2938; x_wconf 89' lang='grc' dir='ltr'><strong><em>ταῦτα</em></strong></span> <span class='ocrx_word' id='word_1_254' title='bbox 1800 2875 1920 2956; x_wconf 83' lang='grc' dir='ltr'><strong><em>πολέμου</em></strong></span> <span class='ocrx_word' id='word_1_255' title='bbox 1933 2877 2015 2938; x_wconf 84' lang='grc' dir='ltr'><strong><em>θείου</em></strong></span> 
     </span>
     <span class='ocr_line' id='line_1_21' title="bbox 372 2997 2015 3084; baseline -0.001 -18"><span class='ocrx_word' id='word_1_256' title='bbox 372 3002 446 3068; x_wconf 88' lang='grc' dir='ltr'><strong><em>κατά</em></strong></span> <span class='ocrx_word' id='word_1_257' title='bbox 459 3006 515 3066; x_wconf 89' lang='grc' dir='ltr'><strong><em>τῶν</em></strong></span> <span class='ocrx_word' id='word_1_258' title='bbox 529 3004 622 3065; x_wconf 85' lang='grc' dir='ltr'><strong><em>ε’θνῶν</em></strong></span> <span class='ocrx_word' id='word_1_259' title='bbox 636 3005 692 3065; x_wconf 89' lang='grc' dir='ltr'><strong><em>τῶν</em></strong></span> <span class='ocrx_word' id='word_1_260' title='bbox 706 3001 918 3084; x_wconf 74' lang='grc' dir='ltr'><strong><em>πολεμησάντων</em></strong></span> <span class='ocrx_word' id='word_1_261' title='bbox 933 2999 978 3065; x_wconf 77' lang='grc' dir='ltr'><strong><em>καί</em></strong></span> <span class='ocrx_word' id='word_1_262' title='bbox 994 3003 1150 3083; x_wconf 74' lang='grc' dir='ltr'><strong><em>διαιρεσεως</em></strong></span> <span class='ocrx_word' id='word_1_263' title='bbox 1164 3005 1213 3064; x_wconf 88' lang='grc' dir='ltr'><strong><em>τοῦ</em></strong></span> <span class='ocrx_word' id='word_1_264' title='bbox 1228 3003 1330 3074; x_wconf 86' lang='grc' dir='ltr'><strong><em>αι’ῶνος</em></strong></span> <span class='ocrx_word' id='word_1_265' title='bbox 1343 3000 1398 3066; x_wconf 78' lang='grc' dir='ltr'><strong><em>ὑπὸ</em></strong></span> <span class='ocrx_word' id='word_1_266' title='bbox 1412 3012 1470 3074; x_wconf 84' lang='grc' dir='ltr'><strong><em>τοῖς</em></strong></span> <span class='ocrx_word' id='word_1_267' title='bbox 1487 2997 1552 3065; x_wconf 78' lang='grc' dir='ltr'><strong><em>ποσὶ</em></strong></span> <span class='ocrx_word' id='word_1_268' title='bbox 1572 3005 1620 3065; x_wconf 91' lang='grc' dir='ltr'><strong><em>τοῦ</em></strong></span> <span class='ocrx_word' id='word_1_269' title='bbox 1640 3003 1731 3083; x_wconf 85' lang='grc' dir='ltr'><strong><em>κυρίου</em></strong></span> <span class='ocrx_word' id='word_1_270' title='bbox 1749 3003 1789 3074; x_wconf 85' lang='grc' dir='ltr'><strong><em>είς</em></strong></span> <span class='ocrx_word' id='word_1_271' title='bbox 1807 3004 1931 3082; x_wconf 88' lang='grc' dir='ltr'><strong><em>τέσσαρα</em></strong></span> <span class='ocrx_word' id='word_1_272' title='bbox 1948 3004 2015 3084; x_wconf 89' lang='grc' dir='ltr'><strong><em>μέρη</em></strong></span> 
     </span>
     <span class='ocr_line' id='line_1_22' title="bbox 371 3125 2015 3212; baseline -0.001 -18"><span class='ocrx_word' id='word_1_273' title='bbox 371 3127 418 3195; x_wconf 80' lang='grc' dir='ltr'><strong><em>καὶ</em></strong></span> <span class='ocrx_word' id='word_1_274' title='bbox 440 3130 519 3194; x_wconf 91' lang='grc' dir='ltr'><strong><em>άναπ</em></strong></span> <span class='ocrx_word' id='word_1_275' title='bbox 551 3128 661 3210; x_wconf 84' lang='grc' dir='ltr'><strong><em>ράσεως</em></strong></span> <span class='ocrx_word' id='word_1_276' title='bbox 683 3130 722 3201; x_wconf 89' lang='grc' dir='ltr'><strong><em>είς</em></strong></span> <span class='ocrx_word' id='word_1_277' title='bbox 744 3127 895 3212; x_wconf 79' lang='grc' dir='ltr'><strong><em>ουνάιηειαν</em></strong></span> <span class='ocrx_word' id='word_1_278' title='bbox 913 3132 968 3191; x_wconf 90' lang='grc' dir='ltr'><strong><em>τῶν</em></strong></span> <span class='ocrx_word' id='word_1_279' title='bbox 989 3130 1187 3210; x_wconf 72' lang='grc' dir='ltr'><strong><em>μερισθεντων·</em></strong></span> <span class='ocrx_word' id='word_1_280' title='bbox 1214 3125 1261 3192; x_wconf 80' lang='grc' dir='ltr'><strong><em>καλ</em></strong></span> <span class='ocrx_word' id='word_1_281' title='bbox 1284 3130 1437 3212; x_wconf 81' lang='grc' dir='ltr'><strong><em>προφητεία</em></strong></span> <span class='ocrx_word' id='word_1_282' title='bbox 1459 3130 1614 3210; x_wconf 88' lang='grc' dir='ltr'><strong><em>παρουσίας</em></strong></span> <span class='ocrx_word' id='word_1_283' title='bbox 1634 3133 1758 3212; x_wconf 89' lang='grc' dir='ltr'><strong><em>Χριστοῦ</em></strong></span> <span class='ocrx_word' id='word_1_284' title='bbox 1772 3129 1912 3210; x_wconf 83' lang='grc' dir='ltr'><strong><em>μετὰτῶν</em></strong></span> <span class='ocrx_word' id='word_1_285' title='bbox 1928 3127 2015 3211; x_wconf 88' lang='grc' dir='ltr'><strong><em>άγίων</em></strong></span> 
     </span>
     <span class='ocr_line' id='line_1_23' title="bbox 371 3253 2014 3341; baseline 0 -21"><span class='ocrx_word' id='word_1_286' title='bbox 371 3257 491 3341; x_wconf 72' lang='grc' dir='ltr'><strong><em>ἀγγελῶν</em></strong></span> <span class='ocrx_word' id='word_1_287' title='bbox 510 3253 556 3320; x_wconf 75' lang='grc' dir='ltr'><strong><em>καὶ</em></strong></span> <span class='ocrx_word' id='word_1_288' title='bbox 575 3255 737 3328; x_wconf 85' lang='grc' dir='ltr'><strong><em>σκοτάσεως</em></strong></span> <span class='ocrx_word' id='word_1_289' title='bbox 755 3260 803 3319; x_wconf 90' lang='grc' dir='ltr'><strong><em>τοῦ</em></strong></span> <span class='ocrx_word' id='word_1_290' title='bbox 822 3256 924 3337; x_wconf 86' lang='grc' dir='ltr'><strong><em>κόσμου</em></strong></span> <span class='ocrx_word' id='word_1_291' title='bbox 942 3256 1012 3338; x_wconf 64' lang='grc' dir='ltr'><strong><em>πρλκΛ</em></strong></span> <span class='ocrx_word' id='word_1_292' title='bbox 1028 3257 1094 3337; x_wconf 90' lang='grc' dir='ltr'><strong><em>μιάν</em></strong></span> <span class='ocrx_word' id='word_1_293' title='bbox 1113 3253 1227 3337; x_wconf 72' lang='grc' dir='ltr'><strong><em>ήμεραν,</em></strong></span> <span class='ocrx_word' id='word_1_294' title='bbox 1251 3255 1353 3328; x_wconf 87' lang='grc' dir='ltr'><strong><em>ῦδατος</em></strong></span> <span class='ocrx_word' id='word_1_295' title='bbox 1372 3257 1491 3331; x_wconf 80' lang='grc' dir='ltr'><strong><em>ἐξιόντος</em></strong></span> <span class='ocrx_word' id='word_1_296' title='bbox 1509 3258 1538 3332; x_wconf 78' lang='grc' dir='ltr'><strong><em>ἐξ</em></strong></span> <span class='ocrx_word' id='word_1_297' title='bbox 1556 3254 1732 3340; x_wconf 72' lang='grc' dir='ltr'><strong><em>Ἰερουσαλήμ</em></strong></span> <span class='ocrx_word' id='word_1_298' title='bbox 1750 3253 1796 3319; x_wconf 79' lang='grc' dir='ltr'><strong><em>καὶ</em></strong></span> <span class='ocrx_word' id='word_1_299' title='bbox 1816 3256 1950 3338; x_wconf 86' lang='grc' dir='ltr'><strong><em>άρδοντος</em></strong></span> <span class='ocrx_word' id='word_1_300' title='bbox 1968 3257 2014 3320; x_wconf 91' lang='grc' dir='ltr'><strong><em>διά</em></strong></span> 
     </span>
     <span class='ocr_line' id='line_1_24' title="bbox 370 3379 2014 3468; baseline -0.001 -20"><span class='ocrx_word' id='word_1_301' title='bbox 370 3410 400 3448; x_wconf 89' lang='grc' dir='ltr'><strong><em>τε</em></strong></span> <span class='ocrx_word' id='word_1_302' title='bbox 410 3387 540 3466; x_wconf 86' lang='grc' dir='ltr'><strong><em>χειμῶνος</em></strong></span> <span class='ocrx_word' id='word_1_303' title='bbox 554 3380 600 3446; x_wconf 79' lang='grc' dir='ltr'><strong><em>καὶ</em></strong></span> <span class='ocrx_word' id='word_1_304' title='bbox 616 3387 717 3465; x_wconf 82' lang='grc' dir='ltr'><strong><em>θέρους</em></strong></span> <span class='ocrx_word' id='word_1_305' title='bbox 731 3383 825 3447; x_wconf 89' lang='grc' dir='ltr'><strong><em>πάντα</em></strong></span> <span class='ocrx_word' id='word_1_306' title='bbox 839 3383 876 3447; x_wconf 83' lang='grc' dir='ltr'><strong><em>τά</em></strong></span> <span class='ocrx_word' id='word_1_307' title='bbox 890 3386 956 3467; x_wconf 86' lang='grc' dir='ltr'><strong><em>μέρη</em></strong></span> <span class='ocrx_word' id='word_1_308' title='bbox 971 3384 1008 3448; x_wconf 83' lang='grc' dir='ltr'><strong><em>τά</em></strong></span> <span class='ocrx_word' id='word_1_309' title='bbox 1023 3383 1116 3447; x_wconf 83' lang='grc' dir='ltr'><strong><em>δυτικά</em></strong></span> <span class='ocrx_word' id='word_1_310' title='bbox 1132 3379 1179 3447; x_wconf 72' lang='grc' dir='ltr'><strong><em>καὶ</em></strong></span> <span class='ocrx_word' id='word_1_311' title='bbox 1193 3382 1353 3447; x_wconf 78' lang='grc' dir='ltr'><strong><em>άνατολικά.</em></strong></span> <span class='ocrx_word' id='word_1_312' title='bbox 1368 3385 1430 3465; x_wconf 80' lang='grc' dir='ltr'><strong><em>ἑξής</em></strong></span> <span class='ocrx_word' id='word_1_313' title='bbox 1444 3384 1591 3466; x_wconf 73' lang='grc' dir='ltr'><strong><em>πρόρρησις</em></strong></span> <span class='ocrx_word' id='word_1_314' title='bbox 1601 3384 1778 3468; x_wconf 86' lang='grc' dir='ltr'><strong><em>σεβάσματος</em></strong></span> <span class='ocrx_word' id='word_1_315' title='bbox 1788 3389 1859 3448; x_wconf 89' lang='grc' dir='ltr'><strong><em>θεοῦ</em></strong></span> <span class='ocrx_word' id='word_1_316' title='bbox 1871 3384 1907 3449; x_wconf 85' lang='grc' dir='ltr'><strong><em>τά</em></strong></span> <span class='ocrx_word' id='word_1_317' title='bbox 1919 3383 2014 3448; x_wconf 80' lang='grc' dir='ltr'><strong><em>πάντα</em></strong></span> 
     </span>
     <span class='ocr_line' id='line_1_25' title="bbox 369 3506 2090 3595; baseline 0 -20"><span class='ocrx_word' id='word_1_318' title='bbox 369 3513 541 3587; x_wconf 70' lang='grc' dir='ltr'><strong><em>καθεξοντος</em></strong></span> <span class='ocrx_word' id='word_1_319' title='bbox 555 3509 601 3574; x_wconf 80' lang='grc' dir='ltr'><strong><em>καὶ</em></strong></span> <span class='ocrx_word' id='word_1_320' title='bbox 614 3509 788 3595; x_wconf 75' lang='grc' dir='ltr'><strong><em>Ἰερουσαλήμ</em></strong></span> <span class='ocrx_word' id='word_1_321' title='bbox 802 3506 846 3574; x_wconf 77' lang='grc' dir='ltr'><strong><em>ε’πῖ</em></strong></span> <span class='ocrx_word' id='word_1_322' title='bbox 861 3515 916 3574; x_wconf 88' lang='grc' dir='ltr'><strong><em>τῶν</em></strong></span> <span class='ocrx_word' id='word_1_323' title='bbox 929 3509 1011 3593; x_wconf 82' lang='grc' dir='ltr'><strong><em>ὁρίων</em></strong></span> <span class='ocrx_word' id='word_1_324' title='bbox 1026 3510 1111 3592; x_wconf 79' lang='grc' dir='ltr'><strong><em>ιιῦτής</em></strong></span> <span class='ocrx_word' id='word_1_325' title='bbox 1124 3512 1290 3593; x_wconf 70' lang='grc' dir='ltr'><strong><em>στησομεῦης</em></strong></span> <span class='ocrx_word' id='word_1_326' title='bbox 1304 3507 1352 3574; x_wconf 75' lang='grc' dir='ltr'><strong><em>καὶ</em></strong></span> <span class='ocrx_word' id='word_1_327' title='bbox 1364 3513 1457 3593; x_wconf 89' lang='grc' dir='ltr'><strong><em>μηκέτι</em></strong></span> <span class='ocrx_word' id='word_1_328' title='bbox 1473 3510 1609 3593; x_wconf 84' lang='grc' dir='ltr'><strong><em>ἀνάθεμα</em></strong></span> <span class='ocrx_word' id='word_1_329' title='bbox 1621 3515 1803 3595; x_wconf 85' lang='grc' dir='ltr'><strong><em>γενησομένης.</em></strong></span> <span class='ocrx_word' id='word_1_330' title='bbox 1818 3511 1876 3576; x_wconf 87' lang='grc' dir='ltr'><strong><em>ἀπὸ</em></strong></span> <span class='ocrx_word' id='word_1_331' title='bbox 1887 3517 1936 3575; x_wconf 91' lang='grc' dir='ltr'><strong><em>τοῦ</em></strong></span> <span class='ocrx_word' id='word_1_332' title='bbox 1944 3512 2015 3575; x_wconf 86' lang='grc' dir='ltr'><strong><em>Ἰδοῦ</em></strong></span> <span class='ocrx_word' id='word_1_333' title='bbox 2086 3582 2090 3590; x_wconf 50' lang='grc'><strong><em>,</em></strong></span> 
     </span>
     <span class='ocr_line' id='line_1_26' title="bbox 369 3635 2015 3724; baseline 0 -21"><span class='ocrx_word' id='word_1_334' title='bbox 369 3637 466 3722; x_wconf 85' lang='grc' dir='ltr'><strong><em>ήμέραι</em></strong></span> <span class='ocrx_word' id='word_1_335' title='bbox 481 3640 606 3720; x_wconf 78' lang='grc' dir='ltr'><strong><em>ἔρχονται.</em></strong></span> <span class='ocrx_word' id='word_1_336' title='bbox 619 3643 668 3702; x_wconf 90' lang='grc' dir='ltr'><strong><em>τοῦ</em></strong></span> <span class='ocrx_word' id='word_1_337' title='bbox 683 3641 773 3719; x_wconf 90' lang='grc' dir='ltr'><strong><em>κυρίου</em></strong></span> <span class='ocrx_word' id='word_1_338' title='bbox 787 3635 833 3701; x_wconf 82' lang='grc' dir='ltr'><strong><em>καλ</em></strong></span> <span class='ocrx_word' id='word_1_339' title='bbox 848 3637 1091 3721; x_wconf 87' lang='grc' dir='ltr'><strong><em>διαμερισθήσεται</em></strong></span> <span class='ocrx_word' id='word_1_340' title='bbox 1104 3637 1141 3703; x_wconf 87' lang='grc' dir='ltr'><strong><em>τά</em></strong></span> <span class='ocrx_word' id='word_1_341' title='bbox 1156 3636 1245 3702; x_wconf 78' lang='grc' dir='ltr'><strong><em>σκῦλά</em></strong></span> <span class='ocrx_word' id='word_1_342' title='bbox 1258 3663 1309 3702; x_wconf 93' lang='grc' dir='ltr'><strong><em>σου</em></strong></span> <span class='ocrx_word' id='word_1_343' title='bbox 1323 3638 1351 3701; x_wconf 78' lang='grc' dir='ltr'><strong><em>ἐν</em></strong></span> <span class='ocrx_word' id='word_1_344' title='bbox 1369 3640 1427 3713; x_wconf 86' lang='grc' dir='ltr'><strong><em>σοι’,</em></strong></span> <span class='ocrx_word' id='word_1_345' title='bbox 1451 3639 1503 3711; x_wconf 79' lang='grc' dir='ltr'><strong><em>ἕως</em></strong></span> <span class='ocrx_word' id='word_1_346' title='bbox 1522 3644 1571 3703; x_wconf 93' lang='grc' dir='ltr'><strong><em>τοῦ</em></strong></span> <span class='ocrx_word' id='word_1_347' title='bbox 1586 3637 1648 3703; x_wconf 79' lang='grc' dir='ltr'><strong><em>Καὶ</em></strong></span> <span class='ocrx_word' id='word_1_348' title='bbox 1667 3638 1821 3722; x_wconf 83' lang='grc' dir='ltr'><strong><em>κατοικήσει</em></strong></span> <span class='ocrx_word' id='word_1_349' title='bbox 1838 3637 2015 3724; x_wconf 81' lang='grc' dir='ltr'><strong><em>Ἰερουσαλήμ</em></strong></span> 
     </span>
     <span class='ocr_line' id='line_1_27' title="bbox 368 3766 556 3839; baseline -0.005 -9"><span class='ocrx_word' id='word_1_350' title='bbox 368 3766 556 3839; x_wconf 87' lang='grc' dir='ltr'><strong><em>πεποιθότως.</em></strong></span> 
     </span>
    </p>

    <p class='ocr_par' dir='ltr' id='par_1_10' title="bbox 367 3889 2014 4234">
     <span class='ocr_line' id='line_1_28' title="bbox 474 3889 2014 3978; baseline 0.002 -23"><span class='ocrx_word' id='word_1_351' title='bbox 474 3898 526 3956; x_wconf 84' lang='grc' dir='ltr'><strong><em>ΙΛ.</em></strong></span> <span class='ocrx_word' id='word_1_352' title='bbox 546 3891 626 3975; x_wconf 76' lang='grc' dir='ltr'><strong><em>Ἐξής</em></strong></span> <span class='ocrx_word' id='word_1_353' title='bbox 641 3892 738 3976; x_wconf 81' lang='grc' dir='ltr'><strong><em>ἀπειλή</em></strong></span> <span class='ocrx_word' id='word_1_354' title='bbox 753 3895 889 3976; x_wconf 75' lang='grc' dir='ltr'><strong><em>αιίγνιδιου</em></strong></span> <span class='ocrx_word' id='word_1_355' title='bbox 903 3890 949 3957; x_wconf 82' lang='grc' dir='ltr'><strong><em>καλ</em></strong></span> <span class='ocrx_word' id='word_1_356' title='bbox 963 3893 1127 3976; x_wconf 86' lang='grc' dir='ltr'><strong><em>παραδόξου</em></strong></span> <span class='ocrx_word' id='word_1_357' title='bbox 1141 3897 1304 3976; x_wconf 77' lang='grc' dir='ltr'><strong><em>διαφθοράς</em></strong></span> <span class='ocrx_word' id='word_1_358' title='bbox 1317 3897 1373 3956; x_wconf 87' lang='grc' dir='ltr'><strong><em>τῶν</em></strong></span> <span class='ocrx_word' id='word_1_359' title='bbox 1387 3892 1612 3975; x_wconf 71' lang='grc' dir='ltr'><strong><em>πολεμησάντων</em></strong></span> <span class='ocrx_word' id='word_1_360' title='bbox 1633 3889 1679 3957; x_wconf 80' lang='grc' dir='ltr'><strong><em>καλ</em></strong></span> <span class='ocrx_word' id='word_1_361' title='bbox 1694 3894 1841 3976; x_wconf 71' lang='grc' dir='ltr'><strong><em>πρόρρησις</em></strong></span> <span class='ocrx_word' id='word_1_362' title='bbox 1854 3899 2014 3978; x_wconf 74' lang='grc' dir='ltr'><strong><em>συναγωγῆς</em></strong></span> 
     </span>
     <span class='ocr_line' id='line_1_29' title="bbox 367 4016 2014 4105; baseline 0 -20"><span class='ocrx_word' id='word_1_363' title='bbox 367 4021 485 4086; x_wconf 85' lang='grc' dir='ltr'><strong><em>πλοῦτον</em></strong></span> <span class='ocrx_word' id='word_1_364' title='bbox 499 4021 606 4092; x_wconf 89' lang='grc' dir='ltr'><strong><em>παντὸς</em></strong></span> <span class='ocrx_word' id='word_1_365' title='bbox 619 4021 658 4092; x_wconf 86' lang='grc' dir='ltr'><strong><em>είς</em></strong></span> <span class='ocrx_word' id='word_1_366' title='bbox 672 4020 720 4103; x_wconf 76' lang='grc' dir='ltr'><strong><em>τήν</em></strong></span> <span class='ocrx_word' id='word_1_367' title='bbox 732 4018 920 4102; x_wconf 80' lang='grc' dir='ltr'><strong><em>Ἰερουσαλήμ,</em></strong></span> <span class='ocrx_word' id='word_1_368' title='bbox 939 4016 985 4083; x_wconf 77' lang='grc' dir='ltr'><strong><em>καί</em></strong></span> <span class='ocrx_word' id='word_1_369' title='bbox 1000 4019 1166 4105; x_wconf 81' lang='grc' dir='ltr'><strong><em>ἀναβάσεως</em></strong></span> <span class='ocrx_word' id='word_1_370' title='bbox 1185 4022 1277 4084; x_wconf 87' lang='grc' dir='ltr'><strong><em>ε’θνῶν</em></strong></span> <span class='ocrx_word' id='word_1_371' title='bbox 1298 4022 1337 4092; x_wconf 86' lang='grc' dir='ltr'><strong><em>είς</em></strong></span> <span class='ocrx_word' id='word_1_372' title='bbox 1355 4021 1508 4103; x_wconf 79' lang='grc' dir='ltr'><strong><em>ἑορτασμδν</em></strong></span> <span class='ocrx_word' id='word_1_373' title='bbox 1528 4024 1578 4103; x_wconf 83' lang='grc' dir='ltr'><strong><em>τής</em></strong></span> <span class='ocrx_word' id='word_1_374' title='bbox 1596 4022 1792 4104; x_wconf 87' lang='grc' dir='ltr'><strong><em>σκηνοπηγίας,</em></strong></span> <span class='ocrx_word' id='word_1_375' title='bbox 1815 4018 1862 4084; x_wconf 79' lang='grc' dir='ltr'><strong><em>καλ</em></strong></span> <span class='ocrx_word' id='word_1_376' title='bbox 1882 4025 2014 4103; x_wconf 82' lang='grc' dir='ltr'><strong><em>τιμωράις</em></strong></span> 
     </span>
     <span class='ocr_line' id='line_1_30' title="bbox 368 4144 2014 4234; baseline 0.001 -22"><span class='ocrx_word' id='word_1_377' title='bbox 368 4144 454 4232; x_wconf 83' lang='lat' dir='ltr'><strong>(cod.</strong></span> <span class='ocrx_word' id='word_1_378' title='bbox 469 4144 599 4231; x_wconf 84' lang='grc' dir='ltr'><strong><em>τιμωρίαι)</em></strong></span> <span class='ocrx_word' id='word_1_379' title='bbox 620 4151 676 4210; x_wconf 89' lang='grc' dir='ltr'><strong><em>τῶν</em></strong></span> <span class='ocrx_word' id='word_1_380' title='bbox 694 4146 731 4230; x_wconf 81' lang='grc' dir='ltr'><strong><em>μή</em></strong></span> <span class='ocrx_word' id='word_1_381' title='bbox 752 4147 896 4222; x_wconf 89' lang='grc' dir='ltr'><strong><em>ἀνιόντων,</em></strong></span> <span class='ocrx_word' id='word_1_382' title='bbox 918 4144 964 4211; x_wconf 79' lang='grc' dir='ltr'><strong><em>καὶ</em></strong></span> <span class='ocrx_word' id='word_1_383' title='bbox 983 4148 1090 4220; x_wconf 85' lang='grc' dir='ltr'><strong><em>παντὸς</em></strong></span> <span class='ocrx_word' id='word_1_384' title='bbox 1107 4152 1210 4229; x_wconf 61' lang='grc' dir='ltr'><strong><em>χαλινοῦ</em></strong></span> <span class='ocrx_word' id='word_1_385' title='bbox 1229 4151 1429 4231; x_wconf 77' lang='grc' dir='ltr'><strong><em>παραλεόμεως</em></strong></span> <span class='ocrx_word' id='word_1_386' title='bbox 1448 4150 1487 4221; x_wconf 87' lang='grc' dir='ltr'><strong><em>είς</em></strong></span> <span class='ocrx_word' id='word_1_387' title='bbox 1505 4148 1626 4232; x_wconf 77' lang='grc' dir='ltr'><strong><em>λεβήτων</em></strong></span> <span class='ocrx_word' id='word_1_388' title='bbox 1644 4149 1816 4234; x_wconf 78' lang='grc' dir='ltr'><strong><em>κατασκευήν</em></strong></span> <span class='ocrx_word' id='word_1_389' title='bbox 1830 4153 1886 4212; x_wconf 85' lang='grc' dir='ltr'><strong><em>τῶν</em></strong></span> <span class='ocrx_word' id='word_1_390' title='bbox 1902 4146 1946 4214; x_wconf 78' lang='grc' dir='ltr'><strong><em>ἐπὶ</em></strong></span> <span class='ocrx_word' id='word_1_391' title='bbox 1961 4150 2014 4222; x_wconf 87' lang='grc' dir='ltr'><strong><em>τάς</em></strong></span> 
     </span>
    </p>
   </div>
   <div class='ocr_carea' id='block_1_6' title="bbox 366 4271 2013 4358">
    <p class='ocr_par' dir='ltr' id='par_1_11' title="bbox 366 4271 2013 4358">
     <span class='ocr_line' id='line_1_31' title="bbox 366 4271 2013 4358; baseline 0.001 -18"><span class='ocrx_word' id='word_1_392' title='bbox 366 4277 472 4348; x_wconf 84' lang='grc' dir='ltr'><strong><em>θυσίας</em></strong></span> <span class='ocrx_word' id='word_1_393' title='bbox 485 4275 720 4357; x_wconf 73' lang='grc' dir='ltr'><strong><em>εῦτρεπιζομεῦων.</em></strong></span> <span class='ocrx_word' id='word_1_394' title='bbox 736 4275 794 4339; x_wconf 88' lang='grc' dir='ltr'><strong><em>άπὸ</em></strong></span> <span class='ocrx_word' id='word_1_395' title='bbox 808 4279 856 4338; x_wconf 90' lang='grc' dir='ltr'><strong><em>τοῦ</em></strong></span> <span class='ocrx_word' id='word_1_396' title='bbox 868 4271 929 4338; x_wconf 75' lang='grc' dir='ltr'><strong><em>Καὶ</em></strong></span> <span class='ocrx_word' id='word_1_397' title='bbox 943 4272 1012 4356; x_wconf 86' lang='grc' dir='ltr'><strong><em>αῦτη</em></strong></span> <span class='ocrx_word' id='word_1_398' title='bbox 1023 4276 1100 4339; x_wconf 81' lang='grc' dir='ltr'><strong><em>ἔσται</em></strong></span> <span class='ocrx_word' id='word_1_399' title='bbox 1111 4272 1128 4357; x_wconf 71' lang='lat' dir='ltr'><strong><em>v}</em></strong></span> <span class='ocrx_word' id='word_1_400' title='bbox 1139 4279 1243 4347; x_wconf 85' lang='grc' dir='ltr'><strong><em>πτῶσις</em></strong></span> <span class='ocrx_word' id='word_1_401' title='bbox 1253 4273 1285 4357; x_wconf 80' lang='grc' dir='ltr'><strong><em>ἢν</em></strong></span> <span class='ocrx_word' id='word_1_402' title='bbox 1297 4275 1379 4358; x_wconf 79' lang='grc' dir='ltr'><strong><em>κόψει</em></strong></span> <span class='ocrx_word' id='word_1_403' title='bbox 1390 4277 1479 4358; x_wconf 85' lang='grc' dir='ltr'><strong><em>κόριος</em></strong></span> <span class='ocrx_word' id='word_1_404' title='bbox 1489 4275 1600 4348; x_wconf 89' lang='grc' dir='ltr'><strong><em>πάντας</em></strong></span> <span class='ocrx_word' id='word_1_405' title='bbox 1610 4275 1675 4349; x_wconf 85' lang='grc' dir='ltr'><strong><em>τοῦς</em></strong></span> <span class='ocrx_word' id='word_1_406' title='bbox 1685 4277 1777 4351; x_wconf 82' lang='grc' dir='ltr'><strong><em>λαυῦς,</em></strong></span> <span class='ocrx_word' id='word_1_407' title='bbox 1789 4278 1841 4349; x_wconf 80' lang='grc' dir='ltr'><strong><em>ἕως</em></strong></span> <span class='ocrx_word' id='word_1_408' title='bbox 1851 4281 1900 4341; x_wconf 92' lang='grc' dir='ltr'><strong><em>τοῦ</em></strong></span> <span class='ocrx_word' id='word_1_409' title='bbox 1911 4279 2013 4350; x_wconf 79' lang='grc' dir='ltr'><strong><em>τιλινυς.</em></strong></span> 
     </span>
    </p>
   </div>
   <div class='ocr_carea' id='block_1_7' title="bbox 362 4654 2013 5128">
    <p class='ocr_par' dir='ltr' id='par_1_12' title="bbox 362 4654 2013 4999">
     <span class='ocr_line' id='line_1_32' title="bbox 471 4654 2013 4742; baseline 0.001 -21"><span class='ocrx_word' id='word_1_410' title='bbox 471 4661 513 4722; x_wconf 81' lang='grc' dir='ltr'><strong><em>Α.</em></strong></span> <span class='ocrx_word' id='word_1_411' title='bbox 549 4659 607 4722; x_wconf 82' lang='grc' dir='ltr'><strong><em>Τιίν</em></strong></span> <span class='ocrx_word' id='word_1_412' title='bbox 628 4657 729 4742; x_wconf 86' lang='grc' dir='ltr'><strong><em>Ἰακὼβ</em></strong></span> <span class='ocrx_word' id='word_1_413' title='bbox 749 4656 893 4741; x_wconf 71' lang='grc' dir='ltr'><strong><em>ἠγάπησα,</em></strong></span> <span class='ocrx_word' id='word_1_414' title='bbox 917 4657 965 4721; x_wconf 83' lang='grc' dir='ltr'><strong><em>τὸν</em></strong></span> <span class='ocrx_word' id='word_1_415' title='bbox 986 4655 1016 4721; x_wconf 76' lang='grc' dir='ltr'><strong><em>δὲ</em></strong></span> <span class='ocrx_word' id='word_1_416' title='bbox 1032 4655 1127 4722; x_wconf 86' lang='grc' dir='ltr'><strong><em>Ἡσαῦ</em></strong></span> <span class='ocrx_word' id='word_1_417' title='bbox 1149 4659 1279 4739; x_wconf 78' lang='grc' dir='ltr'><strong><em>ἐμίσησα,</em></strong></span> <span class='ocrx_word' id='word_1_418' title='bbox 1302 4654 1348 4721; x_wconf 79' lang='grc' dir='ltr'><strong><em>καλ</em></strong></span> <span class='ocrx_word' id='word_1_419' title='bbox 1367 4657 1438 4738; x_wconf 77' lang='grc' dir='ltr'><strong><em>μετὰ</em></strong></span> <span class='ocrx_word' id='word_1_420' title='bbox 1460 4662 1552 4721; x_wconf 91' lang='grc' dir='ltr'><strong><em>ταῦτα</em></strong></span> <span class='ocrx_word' id='word_1_421' title='bbox 1574 4658 1806 4742; x_wconf 77' lang='grc' dir='ltr'><strong><em>Ἐπικληθήσεται</em></strong></span> <span class='ocrx_word' id='word_1_422' title='bbox 1831 4660 1926 4732; x_wconf 74' lang='grc' dir='ltr'><strong><em>αὐτοῖς</em></strong></span> <span class='ocrx_word' id='word_1_423' title='bbox 1949 4659 2013 4741; x_wconf 84' lang='grc' dir='ltr'><strong><em>ὅρια</em></strong></span> 
     </span>
     <span class='ocr_line' id='line_1_33' title="bbox 364 4781 2011 4870; baseline 0.001 -21"><span class='ocrx_word' id='word_1_424' title='bbox 364 4786 489 4867; x_wconf 85' lang='grc' dir='ltr'><strong><em>ἀνομίας,</em></strong></span> <span class='ocrx_word' id='word_1_425' title='bbox 504 4782 550 4849; x_wconf 75' lang='grc' dir='ltr'><strong><em>καλ</em></strong></span> <span class='ocrx_word' id='word_1_426' title='bbox 565 4785 634 4858; x_wconf 80' lang='grc' dir='ltr'><strong><em>λαὸς</em></strong></span> <span class='ocrx_word' id='word_1_427' title='bbox 649 4785 689 4868; x_wconf 77' lang='grc' dir='ltr'><strong><em>εἰγ</em></strong></span> <span class='ocrx_word' id='word_1_428' title='bbox 707 4783 739 4849; x_wconf 88' lang='grc' dir='ltr'><strong><em>ὃν</em></strong></span> <span class='ocrx_word' id='word_1_429' title='bbox 753 4787 964 4868; x_wconf 87' lang='grc' dir='ltr'><strong><em>παρατέτακται</em></strong></span> <span class='ocrx_word' id='word_1_430' title='bbox 979 4783 1069 4866; x_wconf 82' lang='grc' dir='ltr'><strong><em>κόραις</em></strong></span> <span class='ocrx_word' id='word_1_431' title='bbox 1083 4785 1135 4857; x_wconf 80' lang='grc' dir='ltr'><strong><em>ἕως</em></strong></span> <span class='ocrx_word' id='word_1_432' title='bbox 1150 4786 1259 4859; x_wconf 83' lang='grc' dir='ltr'><strong><em>αι’ῶνος,</em></strong></span> <span class='ocrx_word' id='word_1_433' title='bbox 1275 4781 1321 4849; x_wconf 76' lang='grc' dir='ltr'><strong><em>καὶ</em></strong></span> <span class='ocrx_word' id='word_1_434' title='bbox 1336 4787 1434 4869; x_wconf 74' lang='grc' dir='ltr'><strong><em>ἐφεξῆς</em></strong></span> <span class='ocrx_word' id='word_1_435' title='bbox 1448 4786 1481 4851; x_wconf 85' lang='grc' dir='ltr'><strong><em>τὸ</em></strong></span> <span class='ocrx_word' id='word_1_436' title='bbox 1495 4782 1556 4868; x_wconf 76' lang='grc' dir='ltr'><strong><em>περί</em></strong></span> <span class='ocrx_word' id='word_1_437' title='bbox 1571 4789 1627 4850; x_wconf 90' lang='grc' dir='ltr'><strong><em>τῶν</em></strong></span> <span class='ocrx_word' id='word_1_438' title='bbox 1643 4789 1735 4851; x_wconf 84' lang='grc' dir='ltr'><strong><em>ε’θνῶν</em></strong></span> <span class='ocrx_word' id='word_1_439' title='bbox 1750 4789 1778 4850; x_wconf 83' lang='grc' dir='ltr'><strong><em>ίν</em></strong></span> <span class='ocrx_word' id='word_1_440' title='bbox 1793 4785 1834 4859; x_wconf 79' lang='grc' dir='ltr'><strong><em>οἷς</em></strong></span> <span class='ocrx_word' id='word_1_441' title='bbox 1848 4784 1930 4870; x_wconf 71' lang='grc' dir='ltr'><strong><em>φησὶν</em></strong></span> <span class='ocrx_word' id='word_1_442' title='bbox 1942 4789 2011 4851; x_wconf 73' lang='grc' dir='ltr'><strong><em>εἶναι</em></strong></span> 
     </span>
     <span class='ocr_line' id='line_1_34' title="bbox 362 4909 2012 4999; baseline 0.002 -24"><span class='ocrx_word' id='word_1_443' title='bbox 362 4915 467 4976; x_wconf 89' lang='grc' dir='ltr'><strong><em>θυσίαν</em></strong></span> <span class='ocrx_word' id='word_1_444' title='bbox 482 4912 557 4992; x_wconf 76' lang='grc' dir='ltr'><strong><em>αῦτῴ</em></strong></span> <span class='ocrx_word' id='word_1_445' title='bbox 572 4913 709 4994; x_wconf 88' lang='grc' dir='ltr'><strong><em>καθιιράν</em></strong></span> <span class='ocrx_word' id='word_1_446' title='bbox 723 4909 769 4975; x_wconf 78' lang='grc' dir='ltr'><strong><em>καὶ</em></strong></span> <span class='ocrx_word' id='word_1_447' title='bbox 783 4916 853 4996; x_wconf 81' lang='grc' dir='ltr'><strong><em>μέγα</em></strong></span> <span class='ocrx_word' id='word_1_448' title='bbox 867 4913 900 4977; x_wconf 88' lang='grc' dir='ltr'><strong><em>τὸ</em></strong></span> <span class='ocrx_word' id='word_1_449' title='bbox 914 4912 1002 4995; x_wconf 83' lang='grc' dir='ltr'><strong><em>ὄνομα</em></strong></span> <span class='ocrx_word' id='word_1_450' title='bbox 1017 4912 1102 4976; x_wconf 82' lang='grc' dir='ltr'><strong><em>αὐτοῦ</em></strong></span> <span class='ocrx_word' id='word_1_451' title='bbox 1118 4913 1146 4975; x_wconf 88' lang='grc' dir='ltr'><strong><em>ε’ν</em></strong></span> <span class='ocrx_word' id='word_1_452' title='bbox 1161 4912 1267 4987; x_wconf 80' lang='grc' dir='ltr'><strong><em>αὐτοῖς,</em></strong></span> <span class='ocrx_word' id='word_1_453' title='bbox 1289 4914 1316 4975; x_wconf 79' lang='grc' dir='ltr'><strong><em>ἐν</em></strong></span> <span class='ocrx_word' id='word_1_454' title='bbox 1332 4911 1361 4977; x_wconf 75' lang='grc' dir='ltr'><strong><em>δὲ</em></strong></span> <span class='ocrx_word' id='word_1_455' title='bbox 1373 4913 1554 4996; x_wconf 71' lang='grc' dir='ltr'><strong><em>Ἰσραηλιταις</em></strong></span> <span class='ocrx_word' id='word_1_456' title='bbox 1566 4913 1605 4999; x_wconf 80' lang='grc' dir='ltr'><strong><em>μή</em></strong></span> <span class='ocrx_word' id='word_1_457' title='bbox 1619 4916 1686 4978; x_wconf 76' lang='grc' dir='ltr'><strong><em>εἶναι</em></strong></span> <span class='ocrx_word' id='word_1_458' title='bbox 1702 4917 1813 4997; x_wconf 76' lang='grc' dir='ltr'><strong><em>θελημα</em></strong></span> <span class='ocrx_word' id='word_1_459' title='bbox 1830 4914 1929 4989; x_wconf 82' lang='grc' dir='ltr'><strong><em>αὐτοῦ,</em></strong></span> <span class='ocrx_word' id='word_1_460' title='bbox 1949 4940 2012 4996; x_wconf 81' lang='grc' dir='ltr'><strong><em>προ</em></strong></span> 
     </span>
    </p>

    <p class='ocr_par' dir='ltr' id='par_1_13' title="bbox 362 5037 2011 5128">
     <span class='ocr_line' id='line_1_35' title="bbox 486 5037 2011 5067; baseline 0.003 -6"><span class='ocrx_word' id='word_1_461' title='bbox 486 5039 493 5061; x_wconf 59' lang='grc' dir='ltr'><strong><em>δ</em></strong></span> <span class='ocrx_word' id='word_1_462' title='bbox 553 5040 560 5062; x_wconf 84' lang='grc' dir='ltr'><em>Ι</em></span> <span class='ocrx_word' id='word_1_463' title='bbox 648 5040 655 5059; x_wconf 62' lang='grc' dir='ltr'>ἲ</span> <span class='ocrx_word' id='word_1_464' title='bbox 687 5037 693 5057; x_wconf 64' lang='lat'><em>¹</em></span> <span class='ocrx_word' id='word_1_465' title='bbox 769 5044 779 5054; x_wconf 76' lang='lat'><strong><em>&#39;¹</em></strong></span> <span class='ocrx_word' id='word_1_466' title='bbox 834 5037 842 5057; x_wconf 45' lang='grc' dir='ltr'>ἵ</span> <span class='ocrx_word' id='word_1_467' title='bbox 892 5040 898 5059; x_wconf 64' lang='grc' dir='ltr'>ἲ</span> <span class='ocrx_word' id='word_1_468' title='bbox 933 5040 939 5061; x_wconf 69' lang='lat'><strong>³</strong></span> <span class='ocrx_word' id='word_1_469' title='bbox 1050 5042 1058 5062; x_wconf 90' lang='grc' dir='ltr'><em>Ι</em></span> <span class='ocrx_word' id='word_1_470' title='bbox 1133 5041 1140 5062; x_wconf 69' lang='grc'><em>3</em></span> <span class='ocrx_word' id='word_1_471' title='bbox 1168 5040 1175 5061; x_wconf 68' lang='grc' dir='ltr'><strong><em>Ι</em></strong></span> <span class='ocrx_word' id='word_1_472' title='bbox 1292 5039 1298 5062; x_wconf 57' lang='grc' dir='ltr'>ἱ</span> <span class='ocrx_word' id='word_1_473' title='bbox 1372 5041 1401 5064; x_wconf 62' lang='grc' dir='ltr'><strong><em>’θ</em></strong></span> <span class='ocrx_word' id='word_1_474' title='bbox 1474 5042 1480 5063; x_wconf 58' lang='grc' dir='ltr'>ἱ</span> <span class='ocrx_word' id='word_1_475' title='bbox 1527 5044 1534 5065; x_wconf 64' lang='lat'><em>2</em></span> <span class='ocrx_word' id='word_1_476' title='bbox 1606 5042 1614 5064; x_wconf 80' lang='grc' dir='ltr'><strong><em>Ι</em></strong></span> <span class='ocrx_word' id='word_1_477' title='bbox 1666 5040 1679 5063; x_wconf 61' lang='grc' dir='ltr'><strong><em>θ</em></strong></span> <span class='ocrx_word' id='word_1_478' title='bbox 1755 5044 1767 5067; x_wconf 72' lang='grc' dir='ltr'><strong>Ὺ</strong></span> <span class='ocrx_word' id='word_1_479' title='bbox 1848 5042 1855 5063; x_wconf 71' lang='grc' dir='ltr'><em>Ι</em></span> <span class='ocrx_word' id='word_1_480' title='bbox 1952 5041 1958 5060; x_wconf 70' lang='lat'><em>&#39;</em></span> <span class='ocrx_word' id='word_1_481' title='bbox 2000 5047 2011 5057; x_wconf 82' lang='grc'><strong>”</strong></span> 
     </span>
     <span class='ocr_line' id='line_1_36' title="bbox 362 5046 2011 5128; baseline 0.003 -27"><span class='ocrx_word' id='word_1_482' title='bbox 362 5065 516 5123; x_wconf 86' lang='grc' dir='ltr'><strong><em>εισαγαγων</em></strong></span> <span class='ocrx_word' id='word_1_483' title='bbox 529 5064 615 5104; x_wconf 86' lang='grc' dir='ltr'><strong><em>τυπον</em></strong></span> <span class='ocrx_word' id='word_1_484' title='bbox 630 5066 677 5104; x_wconf 91' lang='grc' dir='ltr'><strong><em>τον</em></strong></span> <span class='ocrx_word' id='word_1_485' title='bbox 695 5048 780 5104; x_wconf 89' lang='grc' dir='ltr'><strong><em>ΙΙσαν</em></strong></span> <span class='ocrx_word' id='word_1_486' title='bbox 796 5067 841 5103; x_wconf 92' lang='grc' dir='ltr'><strong><em>και</em></strong></span> <span class='ocrx_word' id='word_1_487' title='bbox 857 5066 920 5112; x_wconf 93' lang='grc' dir='ltr'><strong><em>τους</em></strong></span> <span class='ocrx_word' id='word_1_488' title='bbox 939 5046 1109 5121; x_wconf 89' lang='grc' dir='ltr'><strong><em>Ιδουμαιους,</em></strong></span> <span class='ocrx_word' id='word_1_489' title='bbox 1125 5065 1258 5123; x_wconf 86' lang='grc' dir='ltr'><strong><em>επηγαγεν</em></strong></span> <span class='ocrx_word' id='word_1_490' title='bbox 1272 5066 1321 5125; x_wconf 88' lang='grc' dir='ltr'><strong><em>την</em></strong></span> <span class='ocrx_word' id='word_1_491' title='bbox 1335 5067 1384 5106; x_wconf 88' lang='grc' dir='ltr'><strong><em>του</em></strong></span> <span class='ocrx_word' id='word_1_492' title='bbox 1400 5048 1504 5126; x_wconf 85' lang='grc' dir='ltr'><strong><em>Ισραηλ.</em></strong></span> <span class='ocrx_word' id='word_1_493' title='bbox 1518 5047 1638 5128; x_wconf 76' lang='grc' dir='ltr'><strong><em>ειβοληι·,</em></strong></span> <span class='ocrx_word' id='word_1_494' title='bbox 1654 5068 1726 5106; x_wconf 87' lang='grc' dir='ltr'><strong><em>ωστε</em></strong></span> <span class='ocrx_word' id='word_1_495' title='bbox 1740 5069 1808 5106; x_wconf 83' lang='grc' dir='ltr'><strong><em>ειυαι</em></strong></span> <span class='ocrx_word' id='word_1_496' title='bbox 1823 5068 1909 5106; x_wconf 87' lang='grc' dir='ltr'><strong><em>τυπον</em></strong></span> <span class='ocrx_word' id='word_1_497' title='bbox 1924 5069 2011 5106; x_wconf 91' lang='grc' dir='ltr'><strong><em>αυτου</em></strong></span> 
     </span>
    </p>
   </div>
   <div class='ocr_carea' id='block_1_8' title="bbox 361 5164 1746 5254">
    <p class='ocr_par' dir='ltr' id='par_1_14' title="bbox 361 5164 1746 5254">
     <span class='ocr_line' id='line_1_37' title="bbox 361 5164 1746 5254; baseline 0.004 -25"><span class='ocrx_word' id='word_1_498' title='bbox 361 5167 409 5231; x_wconf 84' lang='grc' dir='ltr'><strong><em>τὸν</em></strong></span> <span class='ocrx_word' id='word_1_499' title='bbox 422 5165 516 5231; x_wconf 83' lang='grc' dir='ltr'><strong><em>Ἡσαῦ</em></strong></span> <span class='ocrx_word' id='word_1_500' title='bbox 531 5169 614 5232; x_wconf 85' lang='grc' dir='ltr'><strong><em>καθὰ</em></strong></span> <span class='ocrx_word' id='word_1_501' title='bbox 629 5164 675 5231; x_wconf 80' lang='grc' dir='ltr'><strong><em>καλ</em></strong></span> <span class='ocrx_word' id='word_1_502' title='bbox 690 5167 769 5250; x_wconf 84' lang='grc' dir='ltr'><strong><em>παρά</em></strong></span> <span class='ocrx_word' id='word_1_503' title='bbox 784 5171 824 5247; x_wconf 75' lang='grc' dir='ltr'><strong><em>τῷ</em></strong></span> <span class='ocrx_word' id='word_1_504' title='bbox 842 5167 956 5247; x_wconf 75' lang='grc' dir='ltr'><strong><em>Παύλῳ.</em></strong></span> <span class='ocrx_word' id='word_1_505' title='bbox 976 5168 1034 5232; x_wconf 87' lang='grc' dir='ltr'><strong><em>ἀπὸ</em></strong></span> <span class='ocrx_word' id='word_1_506' title='bbox 1050 5172 1099 5250; x_wconf 84' lang='grc' dir='ltr'><strong><em>τής</em></strong></span> <span class='ocrx_word' id='word_1_507' title='bbox 1114 5167 1200 5249; x_wconf 79' lang='grc' dir='ltr'><strong><em>ἀρχῆς</em></strong></span> <span class='ocrx_word' id='word_1_508' title='bbox 1214 5170 1266 5242; x_wconf 76' lang='grc' dir='ltr'><strong><em>ἕως</em></strong></span> <span class='ocrx_word' id='word_1_509' title='bbox 1280 5173 1328 5233; x_wconf 92' lang='grc' dir='ltr'><strong><em>τοῦ</em></strong></span> <span class='ocrx_word' id='word_1_510' title='bbox 1342 5167 1437 5251; x_wconf 78' lang='grc' dir='ltr'><strong><em>’Υμεῖς</em></strong></span> <span class='ocrx_word' id='word_1_511' title='bbox 1451 5169 1481 5234; x_wconf 79' lang='grc' dir='ltr'><strong><em>δὲ</em></strong></span> <span class='ocrx_word' id='word_1_512' title='bbox 1496 5172 1653 5254; x_wconf 82' lang='grc' dir='ltr'><strong><em>ίβιβηλοῦτε</em></strong></span> <span class='ocrx_word' id='word_1_513' title='bbox 1669 5170 1746 5234; x_wconf 88' lang='grc' dir='ltr'><strong><em>αῦτό.</em></strong></span> 
     </span>
    </p>
   </div>
   <div class='ocr_carea' id='block_1_9' title="bbox 0 0 2382 6194">
    <p class='ocr_par' dir='ltr' id='par_1_15' title="bbox 0 0 2382 6194">
     <span class='ocr_line' id='line_1_38' title="bbox 0 0 2382 6194; baseline 0 6"><span class='ocrx_word' id='word_1_514' title='bbox 0 0 2382 6194; x_wconf 95' lang='lat' dir='ltr'><strong><em> </em></strong></span> 
     </span>
    </p>
   </div>
  </div>
 </body>
</html>
