4756 6194
1928 375 1988 440 109

448 584 485 643 B.
508 575 579 662 Περὶ
595 583 644 643 τοῦ
658 577 826 660 προδρόμου,
847 576 919 642 ὅπου
930 577 1000 662 Ἐγὼ
1016 578 1161 643 ἀποστελιῦ
1176 578 1224 642 τὸν
1239 577 1352 663 ἄγγελόν
1370 605 1435 660 μου,
1451 573 1497 642 καλ
1516 580 1580 662 ἑξῆς
1597 575 1659 661 περὶ
1677 582 1727 642 τοῦ
1745 581 1849 662 κυρίου,
1872 578 1933 644 Καὶ
1949 583 1988 658 εξ-

343 699 686 791 αιφνης(οοι1.ε’ξε’φνης)
706 704 765 789 ήξει
780 707 823 786 εἰς
841 705 888 770 τὸν
907 705 976 769 ναὸν
995 705 1080 769 αῦτοῦ
1099 705 1200 786 κύριος,
1220 703 1266 769 καλ
1285 706 1322 770 τά
1341 707 1412 789 ἑξῆς.
1431 705 1490 770 ἀπὸ
1509 710 1558 770 τοῦ
1571 705 1641 770 Ἰδού
1661 707 1712 790 ἐγὼ
1733 707 1880 772 ἀποστελῶ
1900 707 1986 790 (cod.

342 830 373 894 h.
388 830 409 895 l.
426 829 586 917 ἀποστελω)
601 833 651 898 τὸν
665 833 778 917 ἄγγελόν
791 860 852 915 μου,
867 835 920 906 ἕως
933 837 981 896 τοῦ
997 830 1058 896 Καὶ
1072 833 1174 907 καθὼς
1187 833 1225 897 τά
1239 834 1285 916 ἔτη
1300 833 1337 898 τά
1352 834 1519 915 ἔμπροσθεν.

448 983 483 1042 Γ.
509 978 567 1061 Τήν
585 982 634 1041 τοῦ
652 977 807 1060 προδρόμου
826 977 983 1060 ἀποστολήν
1001 979 1084 1056 ε’ντηῦ
1099 978 1167 1041 τελει
1181 979 1250 1060 λέγει
1263 975 1311 1041 καὶ
1324 977 1373 1061 τήν
1388 976 1539 1060 ἀνάμνησιν
1553 983 1603 1042 τοῦ
1618 978 1702 1060 νόμου
1716 984 1765 1042 τοῦ
1782 982 1926 1052 Μωυσέως
1940 978 1987 1044 καλ

341 1109 432 1169 ταῦτα
450 1107 564 1187 πλησίον
585 1110 633 1187 τής
648 1106 774 1184 κρότεως,
797 1099 857 1186 ε’νή
876 1106 1062 1168 διαστελλεται
1079 1104 1117 1169 τά
1131 1109 1187 1168 τῶν
1201 1110 1328 1187 πονηρῶν
1343 1102 1389 1168 καλ
1404 1109 1460 1169 τῶν
1475 1105 1605 1188 ἀγαθῶν,
1625 1106 1683 1171 ἀπὸ
1697 1111 1746 1170 τοῦ
1760 1106 1929 1191 Ἐβαρύνατε
1944 1108 1984 1171 ἐπ’

342 1231 388 1314 ἐμὲ
402 1233 466 1304 τοῦς
480 1232 575 1315 λόγους
588 1230 672 1313 ῦμιῦν,
688 1233 740 1305 ἕως
754 1235 803 1295 τοῦ
817 1233 918 1303 τελους.

856 1464 863 1489 λ

1001 1508 1058 1573 EN
1079 1506 1141 1573 ΤΩ
1161 1508 1333 1574 ΔΑΝΙΗΛ.

447 1676 489 1738 Α.
509 1675 555 1738 Ἐν
569 1677 608 1754 τηῦ
623 1675 738 1753 ἐνυπνίῳ
753 1677 802 1737 τοῦ
817 1673 1069 1757 Ναβαιγοδονόσιιρ
1084 1677 1218 1737 δείκνυται
1232 1672 1249 1757 ή
1263 1674 1390 1757 βασιλεία
1404 1671 1420 1755 ή
1436 1673 1558 1748 αἰώνιος,
1574 1670 1617 1738 ε’πλ
1633 1678 1681 1758 γής
1695 1673 1902 1758 ἀναστησομεύη
1915 1677 1986 1758 μετά

340 1803 392 1877 τὰς
406 1802 461 1885 πρὸ
475 1802 560 1885 αύτής
574 1801 769 1883 κατασχούσας
783 1804 935 1883 τεσσαρας,
957 1801 1006 1885 τήν
1021 1803 1218 1885 Βαβυλωνίαν,
1238 1801 1287 1886 τήν
1302 1800 1454 1884 Περσικήν,
1473 1800 1522 1885 τήν
1538 1801 1743 1884 Μακεδονικήν,
1765 1801 1814 1886 τήν
1832 1800 1985 1885 Ῥωμαίου·

340 1927 387 1994 καὶ
405 1934 564 2015 βεβαιοῦται
582 1933 673 1993 ταῦτα
692 1932 866 2012 προφητικῶς
884 1926 939 1992 ἀπὸ
958 1932 1007 1992 τοῦ
1026 1928 1134 2012 Δανιήλ
1150 1932 1275 2013 λε’γοντος
1288 1929 1438 2010 ’όληθινὸν
1456 1929 1490 1993 τὸ
1508 1927 1631 1993 ἐνύπνιον
1649 1925 1696 1993 καλ
1716 1929 1799 2015 πιστή
1817 1928 1834 2012 ή
1852 1930 1987 2016 σύγκρισις

340 2059 434 2123 αῦτοῦ.
449 2057 508 2122 ἀπὸ
521 2060 570 2121 τοῦ
586 2053 646 2120 Καὶ
662 2058 690 2120 ἐν
704 2066 767 2128 ταῖς
780 2054 892 2138 ήμίραις
906 2061 962 2119 τών
975 2058 1110 2141 βασιλεωυ
1125 2059 1234 2120 ἐκείνων
1248 2055 1397 2140 ἀναστήσει
1411 2054 1427 2120 ὁ
1442 2056 1513 2128 θεὸς
1527 2060 1576 2120 τοῦ
1591 2056 1710 2139 οὐρανοῦ
1720 2061 1863 2142 βασιλείαν
1875 2058 1934 2143 ήτις
1947 2063 1986 2134 εἰς

339 2187 404 2260 τοῦς
417 2187 523 2259 αιὐῦνας
537 2185 569 2248 οῦ
584 2183 821 2268 διαφθαρήσεται,
835 2185 888 2257 ι”ως
902 2187 951 2247 τοῦ
963 2184 1115 2266 Ἀληθινδν
1129 2184 1162 2248 τὸ
1177 2183 1300 2248 ἐνύπνιον
1314 2180 1360 2247 καλ
1376 2183 1458 2267 πιστή
1473 2181 1490 2266 ή
1504 2183 1638 2267 σύγκρισις
1654 2185 1747 2248 αὐτοῦ.

446 2334 485 2395 Β.
507 2329 727 2411 Καταρίθμησις
740 2333 796 2392 τῶν
813 2328 956 2411 τεσσάρων
974 2332 1119 2413 βασιλειῶν
1137 2331 1192 2392 τοῦν
1211 2333 1384 2406 καθολικυῦτ,
1405 2324 1453 2392 καλ
1471 2329 1602 2411 πρόρησις
1620 2327 1682 2408 (sic
1697 2328 1727 2392 h.
1743 2325 1780 2416 l.)
1794 2331 1865 2413 μετά
1880 2332 1986 2406 ταύτας

339 2459 560 2541 ἀναστησομι’νης
573 2461 622 2538 τῆς
636 2461 760 2537 Χριστοῦ
773 2457 914 2539 βασιλειας
927 2459 976 2538 τῆς
990 2457 1179 2538 δοθησομεῦης
1192 2466 1250 2529 τοῖς
1264 2453 1351 2540 ἀγίιιις
1365 2452 1418 2520 ’καὶ
1433 2457 1608 2540 καθεξούσης
1624 2455 1739 2520 ἀπαντα
1753 2457 1791 2522 τά
1809 2459 1894 2542 ἔθνη,
1913 2458 1985 2523 ιῦστι

338 2588 521 2657 καθεστῶτος
538 2585 577 2648 ἔτι
595 2588 644 2647 τοῦ
663 2583 765 2665 κόσμου
783 2580 830 2647 καλ
848 2588 905 2648 τῶν
923 2585 1016 2648 ἐθνῶν
1033 2583 1171 2665 μενόντων
1189 2580 1206 2647 ὁ
1224 2583 1317 2667 σωτήρ
1335 2582 1473 2665 πάρεσται
1491 2580 1539 2647 καὶ
1553 2583 1602 2668 τήν
1615 2586 1758 2667 βασιλείαν
1772 2586 1984 2669 καταστήσεται.

339 2714 459 2778 ἀπὸτοῦ
468 2711 596 2794 Ἕφριξεν
610 2711 643 2776 τὸ
656 2711 765 2794 πνεῦμά
778 2738 831 2793 μου
846 2713 874 2775 ε’ν
888 2715 921 2793 τή
935 2712 990 2787 ἕξει
1003 2738 1063 2793 μου,
1079 2711 1132 2794 ἐγὼ
1147 2711 1262 2794 Δαυιήλ,
1277 2712 1330 2784 ἕως
1343 2716 1393 2775 τοῦ
1404 2710 1476 2784 Ἕως
1490 2706 1544 2775 ὦδε
1557 2711 1590 2775 τὸ
1605 2713 1692 2795 πίρας
1706 2717 1755 2776 τοῦ
1770 2713 1859 2797 λόγοιν.

444 2861 480 2919 Γ.
492 2832 576 2952 W
589 2856 635 2938 ἔτη
648 2853 801 2940 προλέγειὸ
816 2854 969 2939 προφήτης,
988 2855 1105 2939 φάσκων
1122 2855 1194 2937 μετὰ
1212 2856 1258 2937 ἔτη
1278 2831 1411 2932 PIT—s,
1429 2857 1458 2920 ἐν
1472 2866 1530 2929 τοῖς
1543 2858 1707 2929 τελευταύκς
1720 2856 1794 2922 ἑπτά
1812 2859 1897 2923 ἔτεσιν
1917 2859 1985 2924 ἀπο

336 2991 451 3049 λεῑσθαι
464 2984 512 3048 τὸν
533 2981 744 3065 Ψευδόχριστον,
759 2977 783 3063 ᾧ
796 2983 846 3046 οῦκ
860 2984 932 3047 ἔστιν
946 2980 963 3065 ή
977 2983 1112 3067 βασιλεία,
1132 2983 1304 3048 ἀπολεῖσθαι
1318 2983 1348 3048 δὲ
1360 2983 1431 3064 μετά
1445 2985 1509 3065 τρίιι
1523 2981 1603 3067 ήμισυ
1617 2985 1663 3066 ἔτη
1677 2987 1726 3067 τής
1740 2984 1921 3060 ἀνανεώσεως
1935 2993 1985 3051 τοῦ

336 3110 453 3194 Ἰσραήλ.
474 3109 673 3174 ἐπεισελθόντα
688 3115 728 3190 τῷ
742 3110 993 3193 ἀνοικοδομονμεύφ
1014 3114 1074 3190 ναηῦ
1085 3107 1131 3173 καλ
1144 3110 1278 3174 ἀνελόντα
1288 3110 1341 3184 τὰς
1351 3112 1456 3184 θυσίας
1467 3108 1514 3175 καλΙ
1524 3110 1668 3194 στήσαντα
1677 3113 1815 3197 βδελυγμα
1825 3113 1986 3197 ἐρημώσεως

338 3241 366 3302 ἐν
382 3242 422 3318 τοῦ
440 3243 512 3317 ναῷ·
536 3231 575 3301 ὧν
594 3238 657 3321 ἑξῆς
675 3234 747 3302 ε’στλυ
766 3236 783 3321 r}
801 3240 977 3321 προειρημένη
997 3237 1136 3320 ἀναιρεσις
1154 3241 1203 3319 τῆς
1221 3263 1251 3302 τε
1269 3238 1376 3311 πόλεως
1394 3235 1441 3302 καὶ
1460 3243 1508 3302 τοῦ
1527 3242 1596 3302 ναοῦ
1615 3234 1663 3302 καλ
1681 3239 1818 3323 παντελής
1840 3240 1983 3324 ἐρήμωσις·

337 3364 419 3430 ἀτινα
438 3367 570 3448 γενελιθαι
588 3372 633 3429 δεῖ
643 3368 768 3447 Χριστοῦ
786 3368 1004 3448 παραγενομένου
1024 3362 1071 3429 καλ
1089 3367 1307 3448 κατακρίναντος
1325 3366 1374 3448 τήν
1393 3365 1572 3430 ἀποστασίαν
1590 3362 1638 3429 καλ
1656 3371 1861 3450 καταργοῦντος
1879 3373 1912 3449 τή
1925 3371 1985 3433 ἐ’πι-

336 3494 425 3577 φανίη
439 3496 488 3574 τής
501 3494 657 3575 παρουσύκς
671 3492 757 3556 αὐτοῦ
770 3493 819 3558 τὸν
828 3493 1014 3575 Ἀντίχριστον
1027 3489 1075 3557 καλ
1090 3492 1270 3576 ἀναιροῦντος
1285 3493 1370 3557 αὐτὸν
1386 3488 1473 3576 (cod.
1486 3489 1577 3577 αὐτοῦ)
1590 3497 1630 3572 τῴ
1641 3492 1775 3574 πνεύματι
1786 3499 1834 3558 τοῦ
1845 3496 1985 3576 στόματος

337 3620 438 3695 αύτοῦ,
453 3618 537 3683 καθιί
552 3644 633 3703 φησιν
647 3617 663 3683 ὁ
679 3618 843 3692 ἀπόστολος.

442 3768 478 3828 Δ.
503 3762 551 3828 T&
569 3761 631 3845 περὶ
649 3768 698 3828 τοῦ
711 3764 898 3845 Ἀντιγρίστου
912 3767 1142 3847 προδηλουμείου,
1162 3763 1201 3837 ὡς
1215 3767 1244 3829 ἕν
1258 3765 1335 3844 τύπῳ
1348 3764 1482 3846 Ἀντιόχῳ
1496 3769 1535 3844 τῴ
1552 3765 1707 3841 Μακεδόνι,
1727 3767 1837 3846 ἔχοντος
1855 3770 1904 3849 μέν
1923 3793 1984 3832 τιυιι

335 3891 421 3955 τύπον
439 3892 468 3954 ἐν
480 3890 627 3972 Ἀντιόχῳ,
646 3891 720 3956 κατά
735 3891 825 3956 πολλά
841 3889 870 3955 δὲ
885 3892 1108 3967 διαλλάττοντος,
1129 3894 1386 3975 ἐπαναστησομέυου
1400 3897 1471 3956 πάσι
1485 3891 1641 3976 σεβάσμασι
1654 3888 1701 3956 καλ
1715 3891 1911 3976 ἀποτρέχοντες
1923 3895 1986 3979 σχή·

334 4043 400 4098 ματι
420 4017 468 4101 τήν
487 4023 537 4081 τοῦ
555 4023 626 4082 θεοῦ
649 4019 786 4102 διαθήκην
809 4016 857 4083 καὶ
878 4021 1114 4104 παραβαιύοντος,
1138 4016 1185 4084 καλ
1206 4025 1390 4101 πολεμσῦιτος
1408 4022 1542 4101 πολεμους
1564 4018 1694 4095 πολλούς,
1716 4026 1884 4104 κρατοῦυτος
1904 4028 1985 4104 τριιῦυ

334 4149 492 4228 βασιλειῶν,
513 4145 672 4230 Αἰγύπτου,
692 4146 811 4232 Λιβύης,
830 4146 1005 4223 Αίθιοπάτς,
1020 4149 1170 4221 πίπτοντος
1184 4150 1212 4211 ἐν
1227 4152 1261 4230 τη
1274 4148 1407 4232 Ἰουδαίᾳ·
1425 4147 1490 4228 μεθ’
1507 4145 1540 4210 ὃν
1554 4143 1629 4230 καλή
1645 4146 1800 4222 ἀνάπτασις
1814 4154 1870 4213 τών
1884 4156 1985 4232 νεκριῦν

277 4357 280 4364 Ι
320 4251 562 4356 ’πρυαγορεύεταα
582 4279 638 4338 τιῦν
652 4272 701 4356 μὲν
716 4276 756 4339 ἐπ’
775 4274 902 4358 αι’σχύνη,
917 4279 974 4338 τῶν
988 4272 1017 4338 δὲ
1032 4271 1077 4338 ἐπλ-
1092 4274 1166 4356 δόξη.
1190 4274 1248 4339 ἀπὸ
1262 4279 1311 4339 τοῦ
1326 4271 1388 4339 Καὶ
1403 4273 1591 4358 ἀναστήσεται
1606 4277 1636 4339 ἐκ
1649 4281 1698 4359 τῆς
1712 4278 1787 4359 ῥίζης
1801 4277 1886 4340 αὐτοῦ
1899 4280 1985 4362 φυτὸν

334 4402 486 4484 βασιλεως,
507 4403 559 4474 ἕως
573 4406 622 4464 τοῦ
637 4394 702 4466 Ka?
713 4403 772 4468 ἀπὸ
787 4409 843 4467 τῶν
858 4405 970 4467 δικαίου
988 4406 1044 4466 τιῦν
1063 4406 1173 4466 πολλκῦν
1187 4399 1226 4474 ιῦς
1244 4401 1397 4483 οἱάστερες
1415 4404 1454 4475 εἰς
1472 4402 1536 4476 τοῦς
1555 4405 1662 4476 αι’ὠνας
1679 4404 1726 4468 ἔτι.
1745 4408 1837 4468 ταῦτα
1856 4403 1885 4469 δὲ
1903 4401 1951 4468 καλ
1969 4404 1986 4469 ό

333 4528 427 4612 σωτήρ
442 4529 496 4610 πρὸ
512 4533 561 4611 τῆς
573 4529 722 4612 μελλούσης
736 4531 836 4594 ἑαυτοῦ
850 4534 1006 4614 παρουσίας
1020 4530 1136 4611 ἐσόμενα
1151 4529 1339 4614 προαγορεύει,
1355 4527 1401 4594 καλ
1416 4529 1465 4613 τήν
1479 4530 1610 4612 λύτρωσιν
1624 4542 1682 4604 τοῖς
1697 4529 1792 4615 ἀγίυις.
1814 4531 1876 4596 τότε
1891 4529 1938 4597 καλ
1952 4535 1985 4598 τὸ

332 4655 468 4737 μακόριον
482 4658 561 4729 τελος
575 4658 778 4741 ε’παγγιλλεται.
797 4654 859 4740 περὶ
874 4663 923 4724 τοῦ
942 4658 1189 4742 κολοβυθήσεσθαι
1207 4656 1260 4730 τάς
1278 4655 1381 4740 ήμίρας
1399 4662 1433 4740 τῇ
1435 4686 1449 4729 ς
1467 4662 1516 4722 τοῦ
1528 4659 1717 4739 Ἀυτιχριστου
1735 4661 1889 4743 βασιλείοις,
1911 4658 1950 4734 ὡς
1969 4660 1985 4725 ό

332 4783 424 4868 σωτήρ
434 4786 511 4867 λε’γει,
523 4789 603 4866 δηλοῖ
609 4781 656 4848 καλ
666 4782 683 4849 ὁ
692 4784 807 4868 Δαυιήλ,
823 4787 984 4868 ἔξαριθμυῦυ
994 4787 1047 4860 τάς
1058 4784 1160 4870 ἡμέρας
1170 4789 1226 4850 τιῦν
1240 4789 1322 4867 τριιῦν
1337 4781 1384 4849 καὶ
1399 4783 1518 4867 ήμιλτεως
1532 4787 1602 4849 ε’τιῦν
1620 4769 1741 4862 Χ-(ἷῖί,
1756 4783 1802 4850 καὶ
1815 4784 1859 4851 ἐπὶ
1870 4788 1986 4861 ταύταις

331 4910 421 4984 ἀλλοις
437 4894 544 4976 ΠΕ
564 4911 622 4977 ἀπὸ
641 4917 689 4977 τοῦ
705 4909 766 4977 Καὶ
787 4912 845 4978 ἀπὸ
863 4919 960 4996 καιροῦ
979 4914 1181 4997 παρυλλάξεως
1199 4918 1248 4978 τοῦ
1268 4915 1466 4995 ε’νδελεχισμοῦ,
1490 4913 1543 4985 ι”ως
1561 4918 1612 4977 τοῦ
1631 4910 1692 4977 Καὶ
1711 4913 1859 4996 ἀναστήσει
1878 4917 1917 4988 είς
1936 4916 1985 4979 τόν

332 5038 427 5122 καιρόν
442 5064 492 5103 σου
507 5040 546 5112 εἰς
559 5042 716 5105 συντελειαν
730 5039 845 5125 ἡμεροῦν.
