4756 6194
490 402 535 466 44

493 611 544 672 τοῦ
555 605 745 691 χρισοστόμου
758 607 797 680 εἰς
810 605 843 673 τό
859 606 961 690 ίνδυμα
974 612 1024 673 τοῦ
1037 607 1145 691 ἱερέωςε
1165 612 1215 673 τοῦ
1230 606 1309 690 ἀχίου
1324 606 1470 691 ε’πιφανίου
1483 604 1546 691 περὶ
1560 612 1617 672 τῶν
1630 608 1722 672 λίθων
1738 612 1793 672 τῶν
1807 607 1836 673 ἐν
1850 612 1890 689 τῴ
1903 608 1976 691 λόχῳ
1992 602 2140 693 (λοχεάρλ)

493 738 543 799 τοῦ
557 735 649 818 ἱερελυς
664 734 881 818 ἕμιιεπηχμελων.

602 857 692 925 Cod.
712 860 840 926 Tiseh.
861 861 920 926 IX.
965 858 1104 926 Constat
1126 861 1226 925 variis
1248 858 1397 947 partibus
1419 859 1613 943 chartaceis,
1642 883 1778 946 quarum
1799 861 1906 949 prima
1928 860 2050 926 saeculi
2071 861 2140 926 fere

494 987 601 1074 quarti
615 986 667 1051 vel
683 988 784 1074 quinti
801 988 919 1053 decimi
934 998 993 1073 est,
1008 987 1153 1076 reliquae
1168 990 1368 1055 recentiores
1385 998 1470 1053 sunt.

598 1111 643 1178 A:
666 1113 923 1199 folia1411140,
947 1138 1045 1183 manu
1061 1115 1190 1181 Graeca
1208 1114 1375 1202 eleganter
1394 1116 1517 1201 scripta
1537 1113 1667 1181 saeculo
1686 1115 1725 1179 14
1743 1114 1795 1179 vel
1816 1116 1865 1180 15.
1909 1117 2001 1181 inest
2012 1119 2141 1202 integer

493 1243 635 1317 συιόδικὸς
652 1243 748 1327 τόμος,
767 1246 951 1329 χεχριιμμιῦος
968 1241 1014 1311 inl
1032 1255 1096 1318 ταῖς
1114 1243 1305 1329 ε’ξιλεχξάσαις
1318 1241 1366 1309 καί
1381 1244 1621 1329 ἀποβαλλομάἀις
1633 1242 1683 1327 τὴν
1697 1249 1747 1309 τοῦ
1761 1243 1908 1328 Βαρλαάμ
1921 1243 1969 1310 καί
1982 1245 2140 1311 Ἀκινδῦνου

493 1372 652 1455 δυσσέβειαν
668 1365 754 1456 (cod.
771 1369 889 1456 δυςσέβ.)
903 1373 1036 1456 μεχάλαις
1049 1372 1186 1445 συνόδοις·
1208 1371 1237 1436 ἕν
1251 1369 1298 1445 αἷς
1311 1371 1361 1455 οῦχ
1374 1369 1392 1454 ἡ
1407 1371 1536 1453 ε’κκλησία
1550 1375 1633 1436 πᾶσα
1646 1371 1731 1454 μόνον
1746 1371 1819 1436 ἀλλά
1833 1370 1881 1437 καί
1895 1371 1912 1455 ἡ
1927 1372 2075 1456 σίηκλητος
2089 1372 2137 1438 καλ

496 1498 523 1562 οἰ
535 1496 682 1563 καθολικοῦ
695 1503 828 1581 παρῆσαν
842 1505 899 1564 τῶν
910 1497 1055 1582 Ῥωμαίων
1069 1500 1169 1583 κριταί,
1183 1499 1400 1583 προκαθημενου
1413 1496 1461 1563 καί
1485 1502 1534 1563 τοῦ
1558 1499 1709 1563 θειοτάτου
1730 1501 1874 1584 βασιλεως,
1899 1500 1951 1572 ἕως
1972 1493 2005 1564 οὗ
2026 1504 2137 1582 περιῆν·

492 1623 555 1688 Est
567 1632 673 1688 tomus
688 1624 741 1688 ille
758 1624 934 1710 synodicus
948 1624 1199 1692 inBarlaamum
1214 1621 1461 1711 etAcindynum
1476 1623 1700 1711 promulgatus
1716 1648 1827 1690 mense
1835 1625 1984 1711 Augusto
2000 1649 2028 1690 a.
2047 1626 2138 1709 1341,

494 1752 586 1816 cuius
604 1753 801 1817 mentionem
821 1753 899 1817 facit
916 1750 1005 1819 Cave
1026 1755 1061 1818 in
1080 1750 1261 1841 appendice
1280 1750 1487 1837 adscriptor.
1504 1750 1620 1817 eccles.
1636 1752 1807 1816 historiam
1821 1776 1894 1839 pag.
1911 1754 1961 1816 ol.
1978 1753 2138 1818 adnotans

494 1875 685 1943 Gretserum
702 1902 775 1944 eum
789 1889 912 1944 tomum
927 1881 961 1944 in
977 1880 1048 1944 cod.
1064 1904 1123 1945 ms.
1138 1879 1216 1945 bibl.
1232 1879 1445 1964 Augustanae
1459 1878 1582 1943 vidisse
1597 1901 1636 1944 ac
1651 1878 1840 1965 perlegisse.
1886 1879 2037 1945 Eundem
2052 1902 2138 1945 com-

490 2016 650 2070 memorat
664 2005 835 2071 Fabricius
855 2008 889 2070 in
907 2006 984 2072 bibl.
1003 2007 1119 2072 Graec.
1140 2017 1217 2071 tom.
1232 2007 1292 2071 XI.
1307 2029 1339 2092 p.
1353 2005 1417 2071 495
1432 2028 1479 2092 sq.
1496 2028 1538 2070 ex
1552 2005 1720 2070 Lambecii
1737 2008 1980 2071 commentariis
1997 2007 2037 2072 tle
2058 2007 2136 2073 bibl.

494 2129 589 2197 Caes.
626 2131 709 2198 Item
726 2130 846 2221 legitur
864 2135 898 2198 in
918 2135 990 2200 cod.
1007 2133 1113 2199 Onon.
1129 2134 1233 2199 Laud.
1250 2133 1301 2198 87.
1318 2130 1549 2198 etinCoislin.
1565 2134 1616 2198 98.
1660 2132 1784 2197 Textus
1803 2134 1902 2217 igitur
1924 2135 1996 2221 ipse
2013 2139 2139 2222 passim

490 2262 732 2347 manuscriptus
744 2260 892 2345 habetur,
909 2261 968 2326 sed
982 2262 1126 2327 nondum
1141 2261 1247 2325 editus
1264 2269 1322 2326 est.
1365 2258 1476 2324 Habet
1489 2269 1598 2324 autem
1611 2261 1646 2324 in
1660 2269 1773 2324 nostro
1790 2260 1920 2346 quidem
1935 2262 2049 2326 codice
2065 2264 2127 2327 sic:

555 2387 714 2463 Ἐπαινετὸς
739 2390 857 2473 ἀληθῶς
884 2389 900 2455 ό
928 2389 1014 2455 εἰπών
1043 2388 1093 2474 τὴν
1114 2393 1280 2456 ταπείνωσιν

493 2515 632 2598 ἀληθείας
645 2517 715 2581 εἰναι
729 2517 880 2601 ε’πίχνωσιν.
897 2514 966 2600 αῦτη
980 2516 1034 2601 χίιρ
1047 2515 1094 2582 καί
1105 2523 1162 2582 τῶν
1173 2519 1280 2583 οἰκείων

492 2644 599 2727 μέτρων
619 2640 676 2708 ε’στί
695 2644 867 2726 κατάληψις,
885 2642 932 2708 καὶ
951 2643 982 2709 δι’
1004 2645 1089 2728 αἰτῇς
1102 2645 1151 2728 την
1165 2672 1194 2710 τε
1209 2645 1280 2728 πρὸς

491 2771 543 2837 τὸν
564 2771 635 2836 θεὸν
657 2772 762 2854 εἰρήνην
783 2768 831 2835 καλ
853 2771 902 2854 τὴν
923 2772 993 2854 πρὸς
1014 2772 1062 2837 τόν
1082 2776 1198 2855 πλησίον
1214 2800 1278 2857 καρ

495 2897 640 2980 ποόμεθα·
662 2897 693 2961 δι’
719 2893 752 2981 ἧς
771 2892 856 2971 αὖθις
874 2896 922 2962 καὶ
940 2899 989 2982 την
1009 2897 1053 2963 inl
1072 2905 1121 2964 τοῦ
1138 2900 1279 2983 παρόντος

492 3022 540 3090 καί
558 3023 608 3109 τὴν
625 3021 670 3089 έπί
689 3030 738 3089 τοῦ
755 3026 902 3107 μέλλοντος
915 3027 1017 3100 ιιιῖῶνος
1031 3026 1190 3092 ἀνάπαυσιν
1204 3054 1278 3110 πορι-

494 3152 603 3235 ζόμεθα
621 3153 695 3217 κατά
715 3152 764 3237 την
783 3154 939 3218 θεσπεσιάν
961 3153 1062 3236 ἐκείνην
1080 3151 1128 3217 καλ
1145 3180 1278 3237 προτρεπ-

492 3279 568 3363 τικὴν
581 3281 620 3353 εἰς
633 3284 715 3345 τοῦτο
729 3285 778 3345 τοῦ
791 3282 884 3361 κυρίου
898 3281 992 3363 φωνην
1008 3280 1133 3345 Μάθετε
1148 3281 1197 3345 ἀπ’
1213 3282 1279 3364 ἐμοῦ

492 3403 535 3472 ότι
553 3411 645 3489 πρᾶος
662 3404 714 3489 εἰμί
735 3402 812 3491 (sic)
832 3404 879 3471 καί
900 3407 1031 3481 ταπεινὸς
1044 3413 1078 3490 τῇ
1093 3411 1208 3492 καρδία,
1230 3407 1278 3473 καί.

491 3534 617 3618 εὑρήσετε
632 3534 791 3599 ἀνάπαυσιν
804 3545 868 3607 ταῖς
882 3545 988 3618 ψυχαῖς
1002 3533 1085 3618 ὑμῶν.
1101 3533 1170 3618 ιιίτη
1184 3539 1277 3601 πείθει

491 3661 541 3727 τόν
575 3663 735 3744 κεκτημένον
764 3663 856 3741 interf]
884 3659 934 3744 μέν
962 3664 1103 3746 προσέχειν
1133 3663 1180 3729 καί
1218 3670 1278 3745 θεῷ

491 3790 678 3873 προσανεχειν,
697 3788 805 3863 παντὸς
823 3787 853 3852 δί
871 3794 959 3855 κακοῦ
972 3795 1013 3870 τῷ
1027 3795 1077 3856 τοῦ
1092 3793 1184 3875 κυρίου
1197 3793 1278 3877 φόβῳ

491 3915 568 3981 κατά
581 3914 631 3981 τὸν
645 3921 694 3982 τοῦ
713 3921 802 3998 σοφοῦ
815 3921 1001 3999 Σολομῶντος
1015 3917 1096 4002 λόχον
1110 3919 1276 3994 ε’κκλόεοιτα,

491 4044 616 4129 εὐλαβῶς
636 4040 698 4125 περὶ
719 4041 756 4107 τά
769 4041 838 4125 ῦπίρ
852 4043 953 4109 ἑαυτὸν
967 4041 1015 4108 καί
1029 4045 1182 4129 σωφρόνως
1197 4047 1273 4130 ἔχειν,

491 4167 556 4254 ὅρια
577 4170 707 4253 πατέρων
728 4169 828 4235 αἰῶνια
845 4169 882 4254 μὴ
899 4172 1076 4254 μεταίροιτα,
1098 4170 1145 4237 καί
1163 4173 1216 4247 τὰς
1230 4174 1272 4258 ἐφ’

491 4298 611 4381 ἑκάτερα
624 4297 821 4379 πιιρατροπιίς,
828 4296 982 4382 ὑπερβολάς
996 4324 1064 4381 φημι
1075 4297 1123 4363 καί
1134 4301 1275 4383 ἐλλείψεις,

491 4425 716 4509 ἀποτρεπόμενον
733 4423 783 4507 τὴν
796 4423 938 4508 βασιλικὴν
956 4424 1057 4491 ὁδεόειν
1071 4423 1118 4490 καλ
1130 4429 1215 4512 μέσην
1229 4428 1276 4494 καί

491 4553 563 4637 πρὸς
589 4551 723 4635 οῦρανοθς
748 4550 796 4617 καλ
821 4551 892 4618 θεόν
912 4552 1047 4626 ἀπλανῶς
1066 4552 1115 4619 καλ
1139 4555 1277 4639 ἀσφαλῶς

488 4681 636 4765 φέρουσαν.

551 4807 626 4872 Ἀλλ’
643 4805 659 4873 ό
674 4806 704 4870 έκ
715 4807 885 4892 Καλαβρίας
898 4805 1055 4891 όρμῶχωνος
1067 4804 1276 4891 μοναχόςΒιιρ·

488 4931 568 5018 λοάμ
593 4935 632 5007 εἰς
658 4933 690 5000 τό
716 4939 765 5017 τῆς
791 4934 906 5018 οἰήσεως
923 4934 1046 5020 πέλαγος
1066 4933 1098 5012 ἒξ
1118 4933 1277 5019 ἀφροσύνης

489 5060 604 5136 πάντως
617 5058 664 5126 καί.
679 5062 870 5147 ἰδιορριθμίας
883 5058 986 5135 καθεὶς
997 5060 1111 5136 imis,
1135 5058 1183 5127 καλ
1196 5086 1276 5146 μεχα-

489 5192 600 5272 φρονῶν
622 5186 667 5255 ε’πλ
684 5193 718 5271 τῇ
737 5191 786 5272 τῆς
803 5189 936 5273 θῦραθεν
953 5186 1086 5275 ἰπιστῦμη
1098 5190 1276 5273 φιλοσοφίας,

1348 2387 1424 2452 κατὰ
1443 2394 1492 2471 της
1509 2387 1664 2471 ὑπερφυοῦς
1682 2385 1729 2453 καί
1749 2385 1838 2461 όντως
1855 2391 2024 2472 φιλοσοφίας
2039 2391 2137 2475 ε’χῶρη-

1348 2540 1403 2590 σεν,
1428 2515 1646 2598 ἐπιστρατεύσας
1671 2520 1705 2598 τη
1724 2517 1890 2599 διδασκαλίᾳ
1910 2520 1959 2582 τοῦ
1980 2517 2137 2600 πνεύματος

1346 2640 1397 2726 τίχν
1414 2639 1482 2724 μηδί
1498 2653 1597 2725 χωρεῖν
1615 2639 1687 2717 όλως
1701 2641 1739 2707 τά
1753 2647 1802 2707 τοῦ
1816 2642 1972 2724 πνεόματος
1986 2646 2137 2728 δυναμένην

1346 2767 1465 2853 ψυχικὴν
1478 2767 1526 2834 καί
1541 2769 1827 2853 ἀποδεδοκιμασμενην
1841 2772 2017 2853 φιλοσοφίαν.

1413 2895 1472 2961 Τόν
1486 2901 1672 2979 μαθητιῶντα
1687 2896 1740 2980 χιλρ
1753 2892 1833 2972 οὗτος
1846 2895 2008 2981 ὑποκριθείς
2019 2906 2136 2984 προσῆλ·

1346 3023 1389 3086 et
1400 3049 1469 3087 ποτε
1483 3022 1533 3088 σὺν
1548 3024 1620 3104 δόλῳ
1635 3020 1688 3088 τισί
1710 3029 1767 3089 τιῦν
1781 3024 1847 3107 παρ’
1863 3023 1925 3108 ἡμῖν
1946 3033 2085 3110 μοναχῶν,
2109 3028 2136 3093 οἳ

1345 3148 1395 3216 τὸν
1425 3149 1535 3234 ἰχσίχιον
1563 3152 1737 3234 προελόμενοι
1760 3154 1838 3236 βίον,
1867 3163 1926 3225 τοῖς
1949 3152 2043 3226 ἀλλοις
2063 3159 2136 3220 πᾶσι

1344 3278 1450 3359 χαίρειν
1472 3278 1608 3351 εἰπόντες,
1633 3282 1695 3357 θεῷ
1717 3279 1930 3362 προσανέχουσι·
1959 3277 2007 3343 καί
2028 3281 2134 3347 τοίτων

1346 3400 1434 3469 οἰνδενί
1455 3401 1505 3487 μέν
1527 3409 1584 3468 τῶν
1605 3403 1834 3488 ε’λλοχιμωτερων,
1857 3416 1916 3480 τοῖς
1938 3405 2135 3490 ἀπλουστιροις

1346 3528 1501 3613 δὲμᾶλλον
1522 3531 1666 3614 ἐφοίτησεν
1688 3531 1851 3614 ἕξεπιτηδες,
1875 3534 1928 3597 δίει
1949 3533 2064 3608 πιίιτως
2084 3540 2135 3600 τοῦ
2196 3591 2198 3595 ,

1344 3656 1382 3742 με)
1409 3664 1594 3743 φωραθῆνια·
1623 3655 1695 3742 μετὰ
1722 3659 1818 3742 μικρὸν
1845 3662 1937 3743 μέντοι
1964 3659 2012 3726 καί
2041 3662 2134 3727 αὐτῶν

1345 3784 1492 3859 ἀποστάς,
1522 3785 1715 3870 ἀποτρόπαιον
1744 3784 1890 3869 ε’χχράφως
1919 3787 2024 3853 τοότων
2053 3816 2134 3872 κατη-

1344 3912 1442 3998 γόρηκε
1462 3911 1591 3997 φρόνημα
1612 3911 1652 3986 ῶς
1669 3917 1757 3996 δῆθεν
1774 3912 1820 3978 ὑπ’
1842 3914 1935 3980 αἰτῶν
1954 3917 2132 4001 πρεσβευόμε-

1344 4068 1400 4106 νον.
1421 4039 1546 4113 ἀκούσας
1565 4039 1619 4125 χάρ
1634 4041 1743 4107 ἐκείνων
1756 4039 1899 4124 λεγόντων,
1914 4039 1954 4115 ῶς
1968 4042 2027 4107 ἀπὸ
2041 4071 2133 4128 παρα·

1344 4167 1448 4241 δόσεως
1463 4167 1582 4251 ἐχόντων
1596 4173 1653 4233 τῶν
1668 4166 1756 4252 ἀχέων
1769 4170 1907 4252 πατιρων,
1922 4165 1965 4234 ότι
1979 4171 2005 4234 οἱ
2019 4171 2065 4236 διὰ
2076 4176 2134 4236 τῶν

1344 4295 1462 4360 ε’ντολῶν
1484 4299 1534 4360 τοῦ
1554 4299 1625 4360 θεοῦ
1653 4296 1857 4379 κεκαθαρμένοι
1878 4295 1932 4370 τάς
1953 4299 2072 4379 καρδίας
2093 4299 2134 4362 ε’λ-

1344 4422 1466 4505 λάμψεις
1485 4422 1571 4494 θείας
1590 4426 1727 4503 μυστικῶς
1748 4419 1796 4486 καί
1819 4422 1985 4507 ἀπορρητως
2003 4423 2134 4508 ἰχχινομέ

1343 4575 1396 4623 νας
1417 4549 1517 4622 αι’παῖς
1538 4548 1678 4632 δέχονται,
1701 4549 1886 4634 κατηγόρησεν
1908 4551 2001 4616 αιἰτῶν
2022 4551 2062 4624 ῶς
2083 4552 2134 4636 την

1344 4675 1441 4742 οῦσίαν
1460 4674 1546 4761 αῦτίχν
1563 4681 1613 4741 τοῦ
1626 4681 1698 4742 θεοῦ
1710 4676 1848 4760 μεθεκτίχν
1862 4678 2008 4762 λεγόντωνἸ
2031 4685 2088 4743 τῶν
2104 4676 2134 4744 δελ

1345 4802 1584 4887 ἀπολογουμένων,
1606 4803 1639 4870 οῦ
1659 4803 1709 4888 τὴν
1727 4804 1825 4870 αἰσίαν
1844 4805 1919 4870 ἀλλὰ
1936 4805 1987 4890 την
2002 4806 2132 4872 ἀκτιστον

1343 4928 1392 4995 καὶ
1425 4931 1513 4996 ἀίδιον
1541 4927 1589 4995 καὶ
1617 4931 1753 4998 θεοποιόν
1779 4932 1861 5016 χάριν·
1888 4938 1938 4999 τοῦ
1966 4934 2130 5016 πνεόματυς,

1344 5060 1454 5132 διθείας
1480 5058 1575 5133 αἰετοῖς
1605 5059 1734 5125 ἐντεῦθεν
1755 5060 1875 5145 έχιιλημα
1892 5061 2131 5144 προστρίψασθαι

1344 5184 1522 5269 ἐπεχείρησεν.
1569 5187 1612 5255 Οἱ·
1628 5187 1689 5271 μην,
1714 5187 1787 5252 ἀλλά
1808 5186 1856 5253 καί
1870 5189 1910 5263 εἰς
1922 5187 1972 5273 τὴν
1986 5188 2131 5271 έκκλησιάν
