4756 6194
1929 434 1982 480 XV

375 618 575 675 APPENDIX
593 615 768 672 CODICUM
784 613 1100 672 ABYSSINICORUM
1118 615 1294 681 QUINQUE
1312 616 1364 671 ΕΤ
1382 614 1638 671 ARABICORUM
1655 613 1938 671 DRUSIANORUM

377 703 502 760 TRIUM
520 700 600 757 MEO
618 699 781 758 ROGATU
802 699 1089 842 ΒΙΒΙᾸΟ”11“ζ11ἔΙ·(ᾔίΙξέ1
1100 700 1404 843 lIJJlgffiTRgElffiIS
1421 697 1630 757 LlPSIENSIS
1647 700 1700 754 ET
1718 698 1937 755 DRESDENSI

418 906 439 963 l.
486 905 560 962 eod.
576 903 776 977 Abyssinicus
790 903 983 963 Drasdensis.
1027 903 1111 963 Inest
1133 903 1197 962 vita
1217 904 1371 963 Walattae
1386 902 1469 962 Petri
1494 920 1560 961 cum
1583 901 1734 961 miraculis
1758 903 1831 962 cius.

486 989 643 1048 Accedunt
662 988 841 1047 traditiones
861 987 899 1046 de
919 988 1033 1047 sanctis
1048 988 1178 1062 Cyriaco
1199 992 1230 1047 et
1248 986 1391 1047 lohanue.
1421 988 1585 1046 Praeterea
1600 986 1680 1047 foliis
1697 989 1736 1045 34
1752 992 1832 1046 utra·

486 1091 544 1148 qne
560 1077 647 1149 parte
663 1072 753 1148 pictis
767 1073 914 1131 miracula
929 1073 1082 1133 Walattac
1098 1072 1180 1131 Petri
1199 1076 1466 1148 repraesentantur
1510 1115 1831 1131 .......
1899 1077 1937 1134 76

400 1160 437 1218 11.
485 1159 558 1218 ooo.
583 1158 783 1232 Abyssinicns
807 1158 985 1234 Lipsiensis.
1033 1158 1139 1217 Insunt
1164 1158 1270 1217 laudes
1299 1158 1387 1216 trium
1416 1156 1654 1233 patriarcharum
1680 1163 1710 1216 et
1736 1157 1833 1217 sancti

487 1244 621 1321 Georgii,
645 1244 715 1301 item
732 1247 856 1302 sauctae
873 1241 1029 1319 trinitatis,
1053 1243 1131 1318 lesu,
1156 1243 1313 1318 ecclesiae,
1336 1242 1548 1318 prophetarum
1564 1242 1749 1317 aliorumque
1766 1260 1831 1301 cunr

487 1327 667 1387 lectionibus
684 1327 800 1402 aliquot
815 1333 845 1386 et
859 1328 1085 1404 precationibus
1102 1326 1318 1387 ecclesiasticis
1351 1369 1832 1386 ..........
1899 1332 1938 1389 76

391 1415 443 1472 111.
488 1413 563 1472 Ood.
578 1412 779 1487 Abyssiuicus
797 1412 995 1488 Dresdensis,
1017 1413 1164 1472 lectiones
1185 1412 1313 1472 biblicae
1334 1430 1400 1471 cum
1419 1411 1559 1471 laudibus
1581 1412 1695 1470 Mariae
1715 1416 1745 1470 et
1764 1412 1833 1471 lesu

488 1497 644 1556 continens
1898 1502 1937 1560 76

389 1583 440 1641 IV.
486 1582 559 1642 (uu.
581 1582 781 1656 Abyssiuicus
800 1581 981 1657 Lipsiensis,
1005 1581 1224 1658 expositionem
1245 1581 1399 1658 alphabeti
1418 1580 1578 1640 Aruharice
1601 1580 1743 1656 scriptam
1763 1599 1830 1641 con·

486 1668 585 1727 tineus
613 1708 1832 1725 ........................
1899 1671 1937 1728 76

407 1755 442 1811 V.
489 1753 634 1811 Volumen
657 1751 870 1826 Abyssinicum
897 1769 962 1810 cum
986 1752 1111 1828 picturis
1136 1759 1166 1810 et
1189 1753 1338 1827 precibus.
1383 1753 1439 1810 Est
1463 1771 1499 1811 ex
1526 1749 1664 1810 amuletis
1687 1751 1834 1812 adversus

486 1837 581 1895 malos
598 1837 730 1912 spiritus.
774 1836 809 1895 ln
825 1837 896 1896 bibl.
912 1837 988 1913 ch.
1004 1836 1113 1895 Dreed.
1130 1840 1268 1895 servatur
1299 1878 1832 1894 ...........
1900 1840 1938 1897 76

335 1924 384 1983 Vl.
405 1924 470 1981 Vll.
489 1922 568 1980 Vlll.
591 1922 712 1981 codices
732 1921 898 1981 Drusorum
917 1921 1056 1997 Arabici,
1081 1938 1205 1996 quorum
1231 1923 1289 1981 duo
1312 1939 1390 1981 nunc
1406 1921 1543 1982 Drcsdae
1566 1924 1733 1997 servantur,
1757 1938 1834 1981 unus

486 2007 610 2082 Lipsiae
667 2049 1832 2064 .......................
1857 2008 1980 2067 76-77

1890 857 1938 898 Pus.

332 2185 405 2256 m
434 2192 682 2272 emur-212.
712 2208 898 2255 suesanus
922 2208 1067 2257 aaaron
1090 2209 1137 2254 sx
1161 2207 1343 2256 coorcruus
1366 2209 1401 2255 ru
1426 2208 1543 2255 vanus
1565 2208 1727 2256 sonoras
1751 2208 1795 2254 sn
1819 2208 1981 2258 oarsums

890 2301 1132 2349 Btsshlounscls
1148 2303 1170 2347 A
1188 2303 1236 2348 ME
1251 2301 1425 2350 EXCU'SSIS.

428 2422 452 2481 l.
485 2421 625 2481 Refertur
644 2422 682 2480 dc
703 2422 898 2481 Homiliarum
919 2423 1081 2482 Clementis
1096 2422 1223 2481 Romani
1244 2440 1321 2496 quae
1341 2422 1476 2481 feruntur
1500 2422 1556 2499 (ita
1575 2422 1693 2499 corrige
1713 2424 1791 2482 male
1879 2377 1927 2418 Μ

486 2508 663 2582 impressum
687 2526 716 2582 p.
739 2506 801 2583 77.)
826 2507 943 2566 dnobus
968 2506 1122 2565 codicibus
1147 2506 1300 2581 hucusque
1323 2507 1499 2584 incognitis,
1525 2508 1620 2566 altero
1643 2507 1791 2583 orientali,

487 2592 583 2650 altero
606 2592 722 2650 ltalico.
767 2592 929 2666 Utriusque
950 2608 1007 2666 ope
1026 2592 1114 2667 plura
1136 2593 1166 2650 iu
1186 2592 1393 2650 recentissima
1408 2592 1553 2651 Dressclii
1574 2592 1705 2650 editione
1726 2609 1790 2651 cor·

488 2677 627 2753 riguutur
680 2719 1789 2735 ......................
1836 2679 1959 2738 77-85

413 2762 451 2819 11.
486 2761 676 2821 Exscrihitur
691 2761 889 2836 fragmentum
904 2761 1076 2820 Parisiense
1092 2761 1247 2836 Epitomcs
1263 2779 1340 2836 quae
1357 2761 1468 2820 dicitnr
1483 2761 1687 2821 clementinae
1730 2805 1737 2819 .
1782 2805 1789 2819 .
1835 2764 1959 2822 85-93

397 2847 450 2905 lll.
485 2848 531 2906 De
548 2845 818 2906 Constitutiouibus
833 2846 1018 2921 Apostoliois
1037 2846 1068 2903 in
1088 2846 1192 2905 codice
1210 2846 1411 2905 bibliothecae
1427 2846 1535 2906 montis
1551 2847 1687 2906 Sinaitiei
1730 2890 1738 2903 .
1783 2889 1790 2904 .
1836 2848 1959 2907 93—95

403 2932 454 2990 iv.
488 2931 642 3006 Excerpta
661 2931 749 3006 plura
768 2947 805 2988 ex
827 2929 939 2989 inedito
956 2929 1080 3007 Georgii
1100 2929 1238 2990 monachi
1255 2931 1421 2990 Hamartoli
1442 2929 1583 2990 chronico
1599 2931 1789 3006 quemadmo-

487 3016 557 3075 dum
576 3015 606 3073 in
626 3015 730 3074 codice
745 3014 911 3075 Parisieusi
930 3015 1043 3073 saeculi
1065 3015 1171 3074 decimi
1192 3016 1316 3092 legitur,
1341 3016 1475 3074 adhibito
1495 3016 1609 3091 passim
1630 3016 1725 3075 altero
1746 3034 1790 3075 re·

488 3099 629 3159 centiore.
674 3099 773 3157 Primo
794 3099 861 3157 loco
881 3100 1091 3159 exscribuntur
1111 3116 1189 3175 quae
1209 3118 1258 3159 res
1274 3101 1354 3159 Petri
1372 3106 1402 3158 et
1417 3100 1545 3160 Simonis
1565 3101 1646 3177 magi
1666 3101 1695 3158 in
1716 3101 1790 3160 urbe

489 3186 603 3244 Romae
618 3187 723 3260 gestas
739 3187 886 3259 spectant.
925 3185 1096 3259 Sequuntur
1112 3202 1189 3260 quae
1205 3189 1274 3245 sunt
1289 3187 1326 3244 de
1342 3186 1454 3244 Iacobo
1474 3186 1563 3244 iusto.
1602 3186 1707 3244 Tertio
1722 3187 1790 3244 loco

487 3269 636 3329 adduntur
659 3286 735 3343 quac
761 3268 798 3327 de
824 3269 937 3328 Tiberii
962 3269 1043 3328 circa
1063 3269 1212 3330 Christum
1237 3271 1336 3329 studio
1359 3271 1430 3330 item
1456 3271 1494 3329 de
1513 3271 1629 3347 Abgari
1653 3271 1735 3347 regis
1762 3275 1793 3329 et

489 3354 601 3414 Christi
625 3354 763 3429 epistulis
786 3358 948 3413 narrantur
990 3397 1790 3413 ................
1835 3357 1980 3416 95-103

419 3441 455 3498 V.
489 3439 596 3498 Brevis
616 3439 653 3498 de
673 3439 758 3497 libris
779 3437 993 3514 prophetarum
1011 3440 1222 3499 commentatio
1243 3458 1280 3499 ex
1296 3441 1409 3499 celebri
1428 3440 1532 3499 codice
1548 3441 1665 3499 Veneto
1682 3440 1792 3499 unciali

489 3523 589 3583 octavi
612 3525 660 3582 vel
686 3523 757 3582 noni
782 3523 896 3583 saeculi
945 3566 1790 3583 .................
1816 3527 1980 3585 103-109

402 3610 453 3668 Vl.
486 3606 649 3684 Epiphanii
673 3608 723 3682 qui
746 3607 841 3667 fertur
864 3609 901 3667 de
920 3607 1134 3685 prophetarum
1154 3610 1224 3668 vitis
1244 3610 1362 3669 libellus
1384 3629 1421 3669 er
1437 3610 1553 3668 duobus
1569 3609 1724 3668 codicibus
1741 3609 1790 3668 de·

488 3693 555 3752 cimi
575 3693 637 3751 fere
659 3693 772 3752 saeculi
793 3693 973 3752 exscribitur
996 3736 1789 3752 ................
1816 3697 1979 3754 110-119

389 3779 453 3837 Vll.
487 3776 648 3853 Epiphanii
669 3778 878 3837 commentatio
900 3779 937 3837 de
957 3778 1117 3837 adamante
1137 3797 1255 3855 gemma
1279 3779 1383 3839 summi
1404 3780 1610 3838 Hebraeorum
1629 3776 1789 3855 pontilicis,

486 3868 519 3923 ut
538 3868 584 3921 est
604 3862 634 3921 in
657 3862 780 3922 (loislin.
802 3862 906 3921 codiee
941 3905 1787 3923 .................
1813 3865 1980 3924 119-120

372 3948 450 4006 Vlll.
484 3947 602 4006 lreuaci
617 3947 815 4023 fragmentum
828 3948 866 4006 ab
879 3948 1043 4006 Anastasio
1060 3953 1211 4007 servatum
1223 3966 1260 4006 ex
1273 3950 1480 4023 antiquissimo
1492 3948 1789 4008 codiceCoisliniano

487 4032 662 4092 emendatur
731 4075 1787 4092 .....................
1814 4033 1977 4092 rao-121

401 4118 452 4176 lx.
487 4118 670 4192 Fragmenta
694 4118 840 4175 sermonis
865 4121 893 4176 S.
911 4116 1071 4193 Theophili
1096 4116 1316 4193 archiepiscopi
1341 4117 1562 4194 (Alexandrini)
1587 4119 1624 4178 de
1648 4137 1736 4179 cruce
1760 4122 1791 4177 et

486 4204 603 4262 latrone
625 4219 662 4260 ex
682 4202 807 4278 papyris
824 4203 929 4277 Coptis
944 4202 1182 4261 Taurirrensibus
1198 4203 1307 4262 hausta
1322 4208 1353 4262 et
1368 4204 1475 4263 Latine
1491 4220 1581 4263 versa
1625 4248 1631 4261 .
1676 4247 1684 4262 .
1729 4247 1736 4260 .
1782 4203 1980 4261 ‚lar-124

420 4287 455 4346 X.
489 4287 650 4346 Nominum
666 4288 883 4346 Hebraicormm
898 4288 1105 4363 interpretatio
1122 4288 1160 4346 ab
1177 4288 1266 4347 editis
1281 4288 1370 4347 lexici
1383 4289 1464 4363 qnod
1480 4291 1602 4363 putatur
1614 4287 1789 4365 Origeuiani

486 4370 664 4448 fragmentis
684 4372 759 4430 satis
776 4372 897 4431 diversa
916 4373 946 4432 in
967 4372 1033 4430 cod.
1051 4372 1173 4431 Soislin.
1194 4373 1317 4431 inventa
1361 4416 1787 4430 .........
1813 4373 1978 4430 lat-128

402 4457 453 4516 XI.
489 4456 555 4532 (per
570 4474 701 4515 errorem
721 4457 897 4531 impressum
918 4463 965 4516 ost
980 4458 1029 4533 X.)
1049 4457 1201 4533 Excerpta
1222 4459 1313 4517 libelli
1331 4459 1485 4516 cniusdam
1501 4458 1722 4534 archaeologici
1739 4458 1789 4533 qui

486 4541 565 4616 Elpii
582 4541 709 4600 Romani
724 4558 793 4600 esee
810 4541 920 4600 dicitnr
943 4585 1788 4601 .................
1814 4542 1980 4602 lae-130

387 4625 452 4685 Xll.
488 4624 554 4701 (per
574 4642 705 4684 errorem
724 4626 901 4701 impressum
922 4631 968 4686 est
983 4627 1046 4703 XI.)
1071 4627 1230 4686 variantes
1252 4629 1396 4686 lectiones
1413 4646 1515 4687 omnes
1534 4628 1647 4687 codicis
1668 4632 1788 4687 actuum

486 4711 692 4785 apostolorum
715 4711 849 4770 bonitate
878 4715 979 4770 textus
1006 4729 1079 4787 prae
1107 4712 1242 4771 omnihus
1268 4712 1422 4771 codicibus
1451 4713 1623 4771 minusculis
1651 4712 1789 4789 insignis,

486 4800 576 4854 antea
598 4796 655 4854 mei
675 4813 752 4854 nunc
773 4796 868 4855 Musei
888 4797 1052 4854 Britannici
1098 4840 1788 4855 ..............
1814 4797 1978 4855 130-146

372 4879 452 4939 Xlll.
487 4880 579 4940 Liber
602 4878 736 4939 Theonis
760 4881 917 4955 Smyrnaei
940 4882 977 4939 de
1000 4882 1183 4941 astronomia
1205 4888 1274 4940 ante
1298 4900 1412 4957 paucos
1429 4900 1523 4941 annos
1543 4901 1580 4941 ex
1600 4900 1659 4940 uno
1685 4882 1789 4941 codice

486 4982 582 5039 coque
602 4966 714 5024 rcccnti
734 4966 861 5041 primum
881 4967 987 5039 editus,
1010 4987 1028 5024 a
1044 4986 1090 5025 me
1111 4984 1181 5025 vcro
1198 4968 1308 5026 dudum
1323 4968 1353 5025 in
1374 4968 1477 5026 codice
1493 4968 1662 5042 antiquiore
1674 4969 1788 5026 Veneto

485 5049 624 5109 inventus
675 5094 1788 5110 ......................
1815 5051 1979 5109 147-148

487 5135 630 5194 Celebrcs
650 5153 755 5195 versus
771 5136 935 5196 Alexandri
952 5137 1051 5196 Aetoli
1067 5138 1104 5197 dc
1125 5138 1220 5197 stellis
1241 5138 1411 5196 errantibus
1431 5137 1470 5196 ad
1491 5138 1566 5196 duos
1586 5137 1706 5196 codices
1727 5136 1787 5195 exi-

486 5225 611 5296 guntur,
635 5238 759 5295 quornm
779 5239 856 5280 unus
875 5221 999 5296 reliquis
1014 5221 1168 5296 hucusque
1184 5223 1315 5299 cognitis
1330 5223 1422 5282 multo
1442 5227 1580 5299 praestat
1623 5266 1630 5280 .
1676 5266 1682 5280 .
1728 5266 1735 5280 .
1780 5220 1974 5280 ‚lla-151
