4756 6194
491 427 511 489 6
1122 429 1303 493 CODICES
1325 429 1493 494 GRAECI.

492 633 579 696 enirn
594 641 644 697 cst
659 630 807 696 codicum
822 629 1118 715 EFGHKMSUV3
1142 632 1201 697 sed
1221 633 1352 719 saepius
1369 631 1421 696 bis
1442 655 1516 697 cum
1532 631 1768 719 antiquioribus
1784 634 1946 697 consentit
1960 630 2139 713 codicibus,

492 781 553 823 nec
571 781 646 824 raro
664 758 821 824 lectiones
840 757 936 845 plane
955 760 1106 845 proprias
1121 768 1239 824 tuetur.
1282 759 1436 846 Exempli
1451 782 1569 825 caussa
1582 759 1752 825 videamus
1768 761 1848 825 Luc.
1864 761 1894 842 3,
1911 759 2024 823 1-36.
2068 760 2139 824 Hos

492 909 552 974 per
569 909 684 951 versus
702 884 784 951 locis
807 884 846 949 13
864 884 1077 972 plurimorum
1097 885 1191 951 codd.
1211 886 1387 952 uncialium
1407 887 1577 952 confirmat
1592 887 1833 969 auctoritatem3
1856 887 1939 952 locis
1957 889 2005 969 17,
2021 886 2078 951 ubi
2093 885 2139 950 illi

493 1015 577 1078 inter
597 1036 632 1078 se
648 1013 813 1095 differunt,
834 1014 1058 1098 quaterdecies
1082 1037 1155 1078 cum
1169 1012 1201 1077 A
1215 1023 1293 1095 etc,
1314 1013 1365 1079 bis
1382 1036 1456 1079 cum
1473 1013 1500 1079 C
1516 1023 1588 1097 etc,
1610 1012 1710 1078 semel
1726 1037 1799 1079 cum
1814 1012 2024 1079 EGHKSUA
2044 1015 2138 1096 sacit3

495 1143 535 1206 15
557 1141 696 1228 denique
713 1139 795 1205 locis
815 1162 875 1226 pro
893 1143 1025 1206 testium
1045 1140 1265 1228 discrepantia
1282 1143 1430 1228 inprimis
1449 1142 1576 1207 idoneis
1598 1140 1642 1206 ad
1662 1143 1831 1227 ingenium
1853 1141 1976 1206 codicis
1998 1139 2138 1227 proban·

494 1269 581 1352 dum,
605 1269 726 1352 septies
750 1290 823 1331 cum
845 1266 874 1331 B
897 1269 976 1334 facit
994 1270 1168 1355 perpaucis
1184 1268 1256 1333 aliis
1279 1268 1525 1354 accedentibus,
1550 1267 1651 1335 semel
1673 1292 1746 1334 cum
1771 1269 1886 1334 eodem
1908 1265 2139 1333 accedentibus

493 1394 657 1483 pluribus3
678 1393 730 1459 bis
755 1395 795 1460 de
818 1394 934 1460 uncial.
958 1394 1051 1460 codd.
1067 1395 1131 1459 LX
1152 1406 1185 1458 et
1203 1395 1366 1461 LXKMU
1388 1395 1476 1462 solos
1498 1396 1597 1463 babet
1619 1398 1763 1478 comites,
1787 1396 1837 1460 bis
1861 1405 1989 1461 veteres
2013 1405 2139 1459 tantum

493 1523 616 1610 aliquot
642 1523 836 1609 interpretes
864 1532 896 1587 et
923 1521 1023 1586 semel
1052 1546 1152 1586 unum
1179 1533 1215 1586 ut
1242 1523 1372 1588 videtur
1394 1524 1542 1589 codicem
1562 1524 1652 1588 illum
1676 1525 1838 1608 insignem
1862 1522 1938 1604 1313
1970 1547 2001 1588 v.
2025 1522 2054 1585 8.
2077 1545 2138 1608 pro

494 1651 621 1734 ἄρξησθε
635 1648 734 1715 babet
747 1652 882 1733 δόξησθε,
903 1650 972 1713 solo
990 1649 1132 1737 Didymo
1154 1646 1278 1736 (δόξητε)
1294 1673 1397 1737 prope
1412 1651 1603 1732 accedente;
1626 1649 1765 1737 denique
1780 1674 1811 1713 v.
1826 1651 1877 1715 23.
1891 1648 1964 1715 loco
1980 1672 2138 1736 perquam

493 1781 589 1864 gravi
606 1779 678 1863 ipse
698 1776 786 1842 solus
808 1777 925 1841 omittit
939 1777 1017 1852 ὡσεί,
1035 1776 1076 1841 ab
1093 1776 1164 1842 aliis
1181 1800 1255 1842 cum
1269 1779 1309 1852 ὡς
1323 1788 1549 1864 permutatum.
1592 1778 1664 1842 Etsi
1680 1800 1745 1843 non
1761 1777 1899 1841 dixerim
1915 1775 2034 1863 ubique
2051 1775 2138 1839 codi-

493 1930 564 1971 cem
587 1913 735 1970 nostrum
757 1914 847 1969 tanta
869 1914 989 1990 quanta
1011 1903 1074 1968 hoc
1091 1905 1203 1969 Lucae
1225 1904 1298 1969 loco
1321 1905 1468 1970 lectionis
1492 1904 1637 1969 bonitate
1656 1903 1825 1987 excellere,
1848 1915 1957 1970 tamen
1977 1926 2138 1988 nusquam

493 2033 680 2097 inferiorem
707 2053 742 2096 se
769 2031 905 2117 praebet
933 2029 1100 2095 codicibus
1127 2031 1309 2096 uncialibus
1338 2033 1497 2118 sequioris
1524 2033 1597 2096 aevi
1623 2033 1663 2096 iis
1691 2055 1772 2118 qnos
1802 2055 1901 2119 supra
1921 2031 2137 2096 laudavimus.

493 2160 686 2225 Lectionum
712 2158 857 2222 nondum
884 2157 962 2222 alibi
984 2159 1188 2223 inventarum
1215 2158 1365 2245 exempla
1387 2159 1545 2224 addamus
1569 2168 1721 2245 quattuor
1744 2182 1785 2225 ex
1808 2182 1872 2224 uno
1895 2161 2002 2246 capite
2025 2159 2138 2223 Lucae

494 2297 619 2374 quarto.
661 2285 714 2349 Ibi
729 2285 815 2349 enim
835 2309 866 2350 v.
883 2284 912 2348 2.
930 2285 973 2350 ad
990 2285 1093 2370 ipsoque
1105 2287 1316 2369 recoupdaorw
1330 2285 1420 2350 addit
1434 2284 1481 2352 aul
1496 2287 1596 2360 νύκτας
1610 2288 1836 2370 τεσσαράκοιτα,·
1857 2311 1887 2350 v.
1904 2287 1933 2349 6.
1949 2289 2138 2370 παραόεῧσιαι

494 2423 672 2481 commutat
686 2435 760 2477 cum
774 2415 968 2496 πιῳαδίδοιαι,
982 2434 1013 2476 v.
1028 2412 1079 2476 22.
1096 2414 1214 2478 omittit
1228 2414 1285 2498 οὐχ,
1300 2437 1330 2478 v.
1345 2413 1396 2478 25.
1412 2414 1510 2480 habet
1525 2412 1570 2478 ἐπὶ.
1583 2418 1633 2496 τῆς
1647 2419 1694 2497 γῆς
1708 2437 1768 2500 pro
1784 2413 1827 2480 ἐπὶ
1841 2419 1940 2481 πᾶσαν
1954 2414 2004 2498 alp
2017 2420 2074 2497 γῆν.

601 2540 741 2607 Codices
764 2540 1009 2626 evangeliorum
1025 2538 1172 2607 unciales
1191 2541 1324 2626 majoris
1343 2551 1380 2604 ut
1401 2542 1506 2605 nostri
1524 2541 1584 2605 ΙΙΙ.
1610 2550 1643 2604 et
1660 2541 1716 2605 IV.
1737 2540 1878 2621 ambitus
1900 2540 2068 2627 bucusque
2090 2542 2137 2603 in·

493 2673 582 2736 venti
603 2679 679 2734 sunt
698 2669 751 2750 15,
775 2668 953 2754 quoru1n4
972 2662 1124 2752 (ABCD)
1144 2668 1214 2731 sine
1234 2667 1332 2732 dubio
1352 2668 1565 2753 antiquiores,
1586 2664 1807 2754 5(GHSUX)
1828 2670 1896 2732 sine
1913 2666 2011 2733 dubio
2027 2691 2137 2732 recen-

493 2800 603 2881 tiores,
618 2796 638 2861 6
653 2817 731 2861 vero
748 2791 959 2882 (EFKLMA)
976 2793 1122 2859 eiusdem
1138 2796 1207 2859 fere
1222 2796 1336 2860 aetatis
1354 2804 1437 2859 sunt.

1287 3091 1339 3172 V.

601 3304 716 3370 Codex
726 3303 854 3369 Veteris
866 3304 1068 3369 Testamenti
1084 3302 1255 3368 Graecus
1271 3302 1548 3386 membranaceus,
1564 3302 1746 3369 uncialibus
1761 3302 1876 3368 litteris
1894 3305 2001 3368 octavi
2016 3303 2137 3368 saeculi

495 3436 645 3521 scriptus,
668 3431 820 3497 foliorum
840 3432 882 3496 29
905 3432 1029 3497 formae
1045 3433 1214 3512 maximae,
1240 3454 1377 3517 quorum
1396 3433 1530 3517 quaevis
1549 3432 1670 3517 pagina
1688 3439 1811 3495 textum
1832 3428 1959 3495 duabus
1979 3430 2137 3495 columnis

494 3563 682 3628 distinctum
703 3559 843 3624 exbibet.
889 3557 1042 3624 Continet
1061 3560 1236 3624 maximam
1255 3556 1330 3622 libri
1350 3554 1489 3622 Genesis
1512 3569 1652 3644 partem,
1672 3559 1693 3622 i.
1709 3581 1736 3622 e.
1759 3559 1791 3641 l,
1813 3558 2137 3641 1-14,6.16,24-

494 3692 544 3772 20,
563 3690 610 3753 14.
626 3688 677 3769 24,
693 3687 828 3768 ott-42,
845 3686 894 3750 18.
937 3685 1103 3750 Lectionis
1121 3685 1267 3751 bonitate
1287 3694 1456 3770 tantopere
1475 3684 1605 3750 excellit
1624 3696 1739 3750 utnon
1756 3685 1900 3750 dubitem
1915 3686 1991 3771 quin
2006 3688 2138 3770 egregie

494 3818 638 3883 facturus
655 3816 697 3879 sit
710 3813 753 3878 ad
766 3814 936 3899 pristinam
952 3813 1169 3897 integritatem
1185 3810 1308 3877 Genesi
1325 3811 1472 3877 Graecae
1491 3812 1708 3895 reddendam3
1730 3813 1794 3899 ipsi
1814 3813 1900 3877 enim
1914 3812 2137 3877 Alexandrino

494 3943 617 4026 codici,
646 3963 786 4028 quocum
813 3962 910 4026 saepe
937 3939 1030 4023 facit,
1053 3962 1120 4005 non
1141 3963 1216 4005 raro
1240 3950 1408 4027 praestare
1430 3940 1568 4005 videtur.
1621 3938 1705 4004 Cum
1728 3940 1905 4005 Vaticanus
1927 3938 2027 4022 liber,
2050 3939 2137 4004 unde

492 4072 640 4135 Romana
654 4067 752 4133 editio
767 4067 870 4150 fluxit,
886 4077 954 4133 tota
969 4069 1038 4133 fere
1049 4067 1171 4133 Genesi
1186 4077 1296 4132 careat
1311 4062 1439 4154 (incipit
1454 4070 1559 4154 capite
1574 4066 1652 4155 ll),
1666 4069 1833 4132 inventum
1848 4066 1935 4131 bunc
1949 4066 2138 4132 thesaurum

495 4198 627 4263 maximi
642 4194 830 4261 faciundum
846 4196 1005 4259 existimo.
1049 4194 1246 4283 Exemplum
1263 4203 1372 4259 textus
1389 4205 1458 4260 esto
1476 4194 1595 4260 Gencs.
1611 4196 1663 4277 31,
1678 4195 1815 4259 31-47.
1857 4193 1910 4260 lbi
1924 4192 2080 4259 lectiones
2095 4196 2138 4259 45

495 4324 536 4389 ab
557 4323 698 4389 editione
713 4323 860 4388 Romana
878 4322 1038 4387 differunt.
1075 4322 1174 4386 Locis
1195 4322 1235 4387 13
1255 4345 1328 4386 cum
1346 4318 1569 4386 Alexandrino
1591 4321 1704 4387 codice
1725 4323 1901 4404 consentit;
1924 4319 1996 4386 aliis
2012 4344 2090 4386 vero
2106 4324 2136 4403 o,

494 4451 669 4520 accedente
685 4451 792 4515 sexies
810 4446 874 4535 (ter
887 4446 969 4535 hiat)
986 4448 1099 4513 codice
1116 4447 1311 4516 Cottoniano
1326 4449 1381 4514 illo
1398 4450 1453 4536 qui
1466 4449 1616 4513 inccndio
1631 4450 1736 4535 periit,
1753 4459 1867 4514 contra
1879 4447 2138 4515 Alexandrinum

494 4591 552 4644 est.
596 4580 701 4644 Porro
717 4600 814 4664 saepe
830 4599 903 4641 cum
922 4574 1116 4642 Cottoniano
1132 4578 1295 4641 consentit
1308 4576 1418 4641 invitis
1432 4573 1527 4640 Alex.
1544 4575 1656 4640 codice
1672 4585 1704 4640 et
1716 4575 1809 4641 Rom.
1826 4575 1977 4659 editione,
1992 4588 2029 4641 ut
2043 4601 2073 4640 v.
2085 4578 2136 4641 32.

494 4706 707 4793 (transposita
722 4714 796 4768 sunt
810 4702 858 4769 uui.
872 4702 1075 4788 alnao...r]·pciv
1089 4701 1164 4788 etc.)
1181 4713 1257 4769 etv.
1274 4704 1317 4769 40
1332 4702 1468 4788 (ἐγινόμην
1483 4713 1515 4768 et
1528 4700 1673 4789 παγετός).
1716 4703 1825 4768 Versu
1839 4702 1889 4768 33.
1906 4727 1980 4769 cum
1995 4705 2025 4769 V
2025 4701 2136 4768 indob.

495 4834 607 4899 codice
629 4855 794 4919 purpureo
820 4831 937 4896 omittit
959 4833 997 4905 εἰς
1018 4840 1132 4896 contra
1150 4830 1200 4894 ed.
1220 4831 1311 4896 Rom.
1334 4838 1366 4896 et
1383 4828 1477 4896 Alex.
1499 4830 1655 4895 codiccm.
1697 4829 1858 4896 Notabilis
1880 4832 1977 4896 ctiam
1996 4840 2046 4895 est
2061 4854 2136 4896 con·

496 4961 604 5025 sensio
619 4959 724 5024 nostri
739 4958 860 5023 codicis
884 4967 916 5023 et
931 4957 1053 5023 codicis
1069 4957 1194 5041 Veneti,
1210 4959 1251 5024 de
1267 4980 1330 5045 quo
1345 4957 1544 5042 Holmcsius,
1564 4959 1651 5045 apud
1667 4981 1762 5045 quem
1777 4982 1846 5023 nro.
1864 4959 1913 5023 72.
1929 4967 2069 5038 notatur,
2090 4960 2137 5021 sie

494 5087 631 5154 iudicat:
654 5086 737 5169 „Est
757 5107 836 5150 sane
861 5083 966 5151 codex
987 5086 1021 5149 in
1044 5108 1103 5150 suo
1127 5107 1247 5170 genere
1271 5083 1444 5172 singularis
1468 5095 1500 5150 et
1518 5087 1651 5152 maximi
1670 5085 1857 5167 faciundus3
1885 5086 2029 5151 continet
2051 5086 2137 5148 enim

493 5223 619 5290 textum
633 5211 802 5299 hucusque
815 5211 1049 5298 incognitum.“
1093 5209 1176 5277 Cum
1192 5234 1230 5277 eo
1246 5211 1360 5279 codice
1374 5222 1486 5278 noster
1500 5213 1589 5279 solus
1604 5236 1635 5278 v.
1651 5212 1702 5278 36.
1719 5213 1837 5278 omittit
1856 5214 2020 5296 danaprttn'c
2035 5233 2137 5296 usqne
