4756 6194
512 2622 601 2699 Misi
631 2637 755 2698 autem
784 2650 875 2726 prae
905 2625 1038 2700 ceteris
1069 2651 1154 2699 eum
1184 2624 1233 2700 ad
1263 2624 1330 2699 ΤΕ
1364 2624 1518 2720 librum,
1553 2652 1628 2725 quo
1660 2624 1816 2725 exposui
1847 2650 1942 2725 quae
1976 2624 2184 2699 litterarum

391 2778 621 2855 monimenta
649 2775 690 2850 in
719 2776 914 2853 itineribus
944 2777 1037 2853 meis
1069 2777 1325 2874 orientalibus,
1357 2776 1427 2852 deo
1454 2777 1495 2851 id
1523 2778 1762 2877 providente,
1794 2802 1840 2852 ex
1870 2777 2183 2852 monasteriorum

391 2930 558 3035 pulvere,
583 2926 649 3003 ubi
674 2953 742 3030 per
762 2942 819 3003 tot
841 2930 1074 3005 saeculorum
1099 2930 1232 3005 seriem
1258 2930 1405 3030 sepulta
1429 2930 1629 3027 iacuerant,
1655 2929 1904 3032 protraxerim
1929 2930 2043 3030 inque
2067 2929 2184 3005 vitam

391 3109 437 3159 ac
461 3081 584 3159 lucem
610 3080 893 3158 vindicaverim.
945 3081 1040 3157 Esse
1065 3082 1105 3156 in
1130 3082 1190 3157 his
1216 3107 1313 3183 quae
1339 3108 1407 3183 pro
1435 3108 1578 3157 summa
1604 3082 1839 3183 antiquitate,
1872 3083 2041 3179 raritate,
2072 3109 2183 3183 argu-

390 3236 508 3311 menti
541 3234 740 3336 gravitate,
774 3234 871 3308 inter
905 3234 1193 3334 pretiosissimos
1227 3234 1542 3310 bibliothecarum
1574 3262 1650 3310 non
1682 3234 1906 3309 Germaniae
1940 3247 2084 3310 tantum
2117 3233 2184 3310 sed

391 3388 503 3463 etiam
536 3387 712 3488 Europae
746 3386 939 3461 thesauros
974 3385 1205 3461 numeranda
1239 3385 1452 3483 videantur,
1488 3387 1565 3463 scio
1602 3400 1834 3489 quantopere
1864 3386 1933 3463 TU
1963 3413 2112 3463 mecum
2147 3398 2184 3461 et

390 3539 501 3616 bonis
534 3539 668 3615 litteris
703 3553 741 3614 et
775 3539 954 3614 ecelesiae
988 3539 1039 3615 sis
1073 3539 1291 3644 gratulatus.
1343 3537 1456 3630 Quod
1487 3554 1528 3615 ut
1561 3540 1742 3615 laetitiam
1776 3565 1897 3615 meam
1932 3567 2009 3615 non
2040 3538 2183 3614 medio-

390 3692 501 3768 criter
526 3692 640 3788 auxit,
666 3691 720 3766 110
744 3690 1004 3767 admirabilem
1028 3692 1171 3793 ingenii
1197 3690 1285 3767 ΤΙΠ
1312 3692 1547 3767 altitudinem
1575 3692 1746 3768 ostendit.
1799 3691 1925 3783 Quum
1946 3692 2047 3768 enim
2071 3691 2184 3767 rebus

388 3845 436 3921 iis
462 3870 558 3946 quae
585 3857 766 3919 01111010
795 3842 988 3918 1111010106
1020 3843 1194 3920 1111611101
1226 3844 1412 3920 subtiliter
1440 3844 1712 3946 investigandis
1742 3845 1992 3920 immortalem
2021 3843 2184 3945 gloriam

389 3997 592 4100 quaesieris
622 4022 667 4072 ac
696 4022 788 4071 1610
820 3994 961 4071 1101111111
991 3997 1041 4073 010
1072 4012 1339 4098 consequutus,
1370 4010 1494 4073 tamen
1521 4025 1543 4072 a
1570 3996 1636 4072 TE
1668 3997 1866 4098 studioque
1898 3996 2003 4074 TUO
2029 3996 2183 4071 minime

388 4151 513 4226 aliena
543 4149 682 4225 duxisti
714 4174 810 4251 quae
840 4175 964 4225 sacras
995 4149 1153 4247 litteras,
1184 4176 1281 4251 quae
1308 4149 1368 4225 dei
1395 4164 1564 4252 spectant
1590 4150 1803 4245 ecclesiam,
1835 4161 1940 4225 tanto
1967 4149 2074 4224 illam
2100 4149 2182 4250 qui·

389 4302 476 4379 dem
501 4303 653 4378 nomine
679 4301 781 4377 haud
808 4301 960 4403 dignam
985 4302 1059 4378 nisi
1086 4303 1214 4379 divina
1239 4303 1448 4379 litterarum
1473 4303 1558 4379 1006
1585 4301 1852 4378 00110011010111.

506 4453 612 4546 Quae
639 4482 755 4557 quum
779 4455 833 4530 ita
858 4454 948 4552 sint,
980 4469 1060 4531 toto
1086 4456 1212 4531 animo
1241 4457 1406 4531 delector
1433 4456 1537 4558 quod
1566 4454 1705 4530 librum
1736 4454 1837 4531 hunc
1866 4466 1908 4529 ut
1940 4454 2037 4555 grati
2067 4454 2183 4529 animi

386 4608 535 4713 pietatis
560 4608 811 4683 venerationis
840 4619 973 4683 testem
1002 4608 1092 4685 licet
1122 4609 1172 4685 ad
1197 4609 1264 4684 ΤΕ
1290 4610 1448 4685 mittere.
1501 4606 1614 4699 Quod
1641 4608 1729 4683 dum
1759 4607 1872 4703 facio,
1906 4608 2017 4683 deum
2047 4631 2182 4709 precor

386 4774 429 4837 ut
457 4762 660 4837 iuventutis
690 4761 787 4836 illud
818 4760 922 4862 quod
953 4788 1067 4838 senex
1098 4789 1244 4864 semper
1275 4761 1504 4837 conservasti
1534 4787 1727 4861 nunquam
1753 4787 1776 4835 a
1802 4760 1868 4835 TE
1897 4760 2078 4855 discedat,
2111 4784 2182 4836 1160

385 4939 476 4989 1610
503 4914 599 5016 ipse,
632 4940 744 5015 quem
776 4926 896 4989 totum
923 4942 1114 5017 nunquam
1141 4916 1388 4992 discessurum
1419 4914 1569 5010 scimus,
1600 4914 1672 4991 nisi
1705 4940 1788 4990 0610
1816 4940 1839 4987 0
1864 4913 1974 4989 nobis
2001 4911 2180 4988 discedas.

386 5068 517 5169 Itaque
542 5067 637 5142 vale.

504 5219 724 5297 Scribebam
750 5219 901 5322 Lipsiae
928 5221 1059 5299 diebus
1084 5220 1189 5297 festis
1215 5220 1455 5297 Pentecostes
1481 5219 1570 5295 anni
1596 5219 1726 5295 salutis
1756 5222 1864 5293 1855.
