4756 6194
1828 415 1866 479 77

232 624 313 688 Sunt
326 632 482 688 tractatus
499 622 617 709 singuli
633 646 691 688 sex
706 634 739 688 et
753 624 876 707 viginti,
893 642 974 708 quos
989 621 1096 686 iudice
1111 618 1266 686 Silvestre
1278 620 1318 685 de
1328 618 1413 706 Saey
1423 620 1597 684 maximam
1606 628 1733 706 partem
1742 618 1870 684 Hamza

231 751 370 837 scripsit.
399 749 591 815 Inseribitur
605 752 742 836 primus:
761 749 912 837 Epistula
927 771 1008 835 quae
1023 748 1114 834 impii
1129 746 1297 813 cerebrum
1313 747 1461 812 diminuit
1476 743 1686 834 (perfringit).
1721 745 1867 811 Tertius:

231 878 356 951 Natura
370 879 481 943 divina
490 879 608 943 virtute
621 879 709 944 omni
719 878 833 943 maior.
857 877 1014 958 Quartus:
1028 875 1170 941 Litterae
1180 897 1317 960 magnae
1329 874 1371 938 ad
1382 875 1529 939 feminas.
1556 875 1711 939 Decimus
1725 875 1868 960 quintus:

232 1003 439 1093 Colloquium
454 1014 624 1071 secretum.
645 1005 738 1070 Haec
751 1003 854 1069 verba
869 1015 943 1068 sunt
958 1027 1039 1090 quae
1054 1004 1198 1069 veritatis
1214 1025 1326 1068 amans
1343 1011 1468 1067 secreto
1484 1001 1526 1066 ad
1542 1010 1720 1067 creatorem
1739 1003 1825 1066 saeit.

337 1132 426 1198 VIII.
457 1130 574 1199 Codex
594 1129 787 1198 Arabicus
809 1131 1030 1196 Drusianus
1051 1129 1265 1217 bombycinus
1287 1132 1410 1195 formae
1433 1138 1581 1216 quartae,
1605 1128 1731 1194 duobus
1750 1131 1791 1193 iis
1814 1131 1869 1216 qui

231 1259 432 1347 praecedunt
455 1261 571 1343 maior,
597 1281 683 1326 nune
706 1257 922 1324 bibliothecae
945 1258 1067 1344 Regiae
1089 1257 1299 1323 Drasdensis.
1351 1258 1456 1323 Huius
1483 1279 1610 1344 quoque
1633 1256 1707 1321 libri
1733 1257 1868 1322 alterum

232 1385 913 1474 exemplarSilvestredeSacypossidebat.
936 1384 1099 1471 Exposuit
1109 1384 1148 1450 dc
1158 1384 1224 1450 eol.
1233 1384 1336 1472 lpag.
1347 1383 1868 1452 CCOCLXXX-CCOCXOIV.

231 1512 435 1581 Distributus
454 1524 504 1580 est
522 1513 606 1580 liber
625 1515 660 1579 in
679 1523 836 1579 tractatus
857 1522 929 1578 octo
951 1523 983 1579 et
1002 1513 1129 1598 viginti,
1152 1534 1290 1598 quorum
1312 1512 1441 1598 plurimi
1462 1512 1504 1578 ad
1522 1512 1707 1578 Moctanam
1731 1514 1814 1594 sive,
1836 1523 1872 1578 ut

233 1644 357 1730 passim
373 1651 591 1728 nuncupatur,
615 1640 849 1723 Beda-eddin,
874 1641 928 1726 qui
948 1649 1061 1726 quarto
1081 1638 1154 1705 loeo
1175 1642 1303 1728 excepit
1321 1639 1479 1707 Hamaam
1499 1663 1659 1705 summum
1679 1641 1870 1722 ministrum,

232 1771 416 1836 reseruntur
429 1778 604 1835 auctorem.
637 1767 844 1854 Singulorum
859 1777 1053 1833 tractatuum
1068 1766 1178 1832 titulos
1194 1767 1316 1854 aliquot
1330 1767 1563 1833 adscribamus.
1600 1766 1793 1832 Inseribitur
1807 1770 1870 1855 pri·

233 1919 320 1963 mus:
335 1896 480 1963 Primum
495 1896 536 1963 dc
552 1905 677 1983 septem
691 1895 852 1960 mandatis
867 1894 1098 1960 Unitariorum.
1127 1893 1233 1961 Alter:
1253 1895 1418 1978 Hortatio,
1434 1895 1658 1982 reprehensio,
1676 1895 1871 1981 objurgatio-

233 2047 293 2089 nes
307 2034 340 2090 et
353 2026 511 2090 Institutio
528 2024 571 2090 ad
585 2023 742 2089 duosDa'r'
757 2046 893 2110 quorum
908 2023 990 2088 fides
1005 2022 1188 2088 vacillabat.
1212 2023 1367 2089 Decimus
1383 2033 1531 2110 quartus:
1547 2023 1637 2088 Fons
1652 2022 1760 2109 legum
1774 2046 1872 2089 verae

233 2152 374 2238 pietatis,
389 2150 506 2239 quibus
521 2149 728 2238 polytheismi
742 2150 862 2237 placita
878 2151 1135 2235 exstinguuntur.
1173 2150 1330 2215 Decimus
1350 2155 1495 2238 quintus:
1518 2150 1667 2216 Examen
1689 2161 1721 2215 et
1741 2152 1872 2216 investi-

234 2280 337 2365 gatio,
361 2288 396 2345 ut
415 2279 510 2365 plene
535 2279 672 2343 satisfiat
696 2278 800 2343 officio
823 2288 936 2342 nostro
959 2277 1160 2363 exstirpandi
1185 2277 1375 2365 religionem
1399 2277 1672 2360 Christianorum,
1698 2279 1870 2364 impiorum

234 2408 441 2492 veritatisque
456 2407 668 2470 inimieorum.

340 2533 491 2599 Ceterum
507 2531 651 2597 eiusdem
666 2532 739 2596 libri
755 2531 818 2596 alia
833 2531 1031 2616 exemplaria
1046 2529 1167 2595 Oxonii
1182 2541 1214 2596 et
1228 2530 1364 2596 Parisiis
1380 2534 1543 2597 asservari
1558 2542 1694 2598 constat.

660 3489 976 3573 EXOERPTA
1007 3490 1089 3572 EX
1120 3491 1447 3574 CODICIBUS

236 3696 292 3770 IN
310 3694 479 3771 VARIIS
497 3693 737 3770 EUROPAE
755 3694 821 3768 ET
841 3692 1079 3770 ORIENTIS
1096 3692 1456 3769 BIBLIOTHECIS
1474 3695 1510 3768 A
1527 3694 1601 3768 ME
1619 3692 1873 3771 EXOUSSIS.

340 3934 368 3998 Ι.
390 3935 479 3999 Inter
493 3935 581 3998 viros
598 3931 712 3998 doctos
728 3943 855 3998 constat
875 3932 1088 3997 Clementis
1107 3932 1267 3998 Romani
1286 3956 1368 4019 quae
1383 3935 1528 3999 ferunter
1543 3932 1796 3999 Humiliarum
1811 3933 1874 3998 duo

235 4070 360 4127 tanturn
375 4059 542 4148 hucusque
558 4061 687 4125 codices
702 4061 851 4125 inventos
868 4082 950 4124 esse.
986 4059 1078 4126 Alter
1092 4069 1142 4126 cst
1155 4060 1335 4144 Parisinus,
1350 4061 1392 4125 ad
1407 4059 1504 4125 finem
1519 4058 1659 4142 mutilus,
1676 4061 1827 4125 desinens
1842 4063 1876 4124 in

237 4186 338 4254 verba
351 4187 471 4253 Hamil.
487 4187 579 4270 XIX,
596 4188 645 4251 14.
660 4187 677 4272 ἦ
690 4184 740 4271 idq
754 4186 839 4254 ὁπότε
854 4188 908 4267 (ef.
924 4187 974 4252 ed.
989 4187 1135 4253 Dressel.
1151 4210 1225 4275 pag.
1241 4186 1317 4270 383,
1335 4186 1410 4273 12).
1447 4187 1497 4252 Eo
1514 4186 1583 4252 solo
1599 4185 1761 4253 nitebatur
1776 4186 1875 4253 editio

238 4314 393 4381 Cotelerii
408 4323 440 4380 et
455 4316 510 4401 qui
525 4323 628 4379 toturn
648 4316 717 4379 eius
737 4315 778 4380 de
797 4313 943 4401 patribus
965 4314 1152 4401 apostolicis
1173 4338 1255 4402 opus
1275 4315 1475 4380 emendatius
1495 4314 1623 4401 repetiit
1643 4313 1775 4396 Clerici,
1798 4317 1875 4380 item

237 4464 360 4528 nupera
379 4440 576 4527 Sehwelgeri
596 4441 704 4506 editio.
740 4441 932 4527 Nuperrime
955 4451 1063 4506 autem
1085 4440 1166 4508 alter
1187 4443 1339 4524 accessit,
1363 4440 1601 4508 Ottobonianus
1621 4442 1813 4525 Vaticanus,
1833 4441 1874 4507 ab

236 4566 370 4634 Alberto
384 4567 521 4633 Dressel
536 4569 685 4633 inventus
702 4578 734 4633 et
748 4591 832 4634 anno
851 4569 941 4635 1853.
960 4568 1003 4633 ad
1021 4591 1138 4635 novam
1158 4567 1363 4635 homiliarum
1382 4568 1557 4635 editionem
1575 4568 1749 4634 adhibitus.
1786 4570 1819 4634 Is
1844 4579 1875 4633 et

236 4698 362 4781 integer
377 4705 501 4761 estnec
515 4717 590 4760 raro
604 4693 752 4761 lectionis
767 4694 911 4761 bonitate
926 4696 1074 4761 Parisino
1090 4705 1242 4783 praestat.
1274 4695 1489 4761 Nihilominus
1509 4695 1644 4761 multum
1662 4695 1756 4762 abest
1774 4696 1873 4761 uthis

237 4822 364 4887 duobus
381 4822 547 4888 codicibus
563 4822 835 4909 acquiescendum
849 4824 1068 4889 videaturaut
1083 4823 1222 4888 editione
1236 4822 1399 4889 Dresselii
1414 4824 1533 4889 criticis
1548 4822 1728 4888 rationibus
1746 4824 1810 4886 iam
1832 4825 1874 4887 sit

237 4950 449 5015 satisfactum.
488 4949 621 5017 Habent
642 4952 728 5015 enim
743 4950 855 5015 critica
869 4953 957 5016 eirea
969 4959 1093 5016 textum
1107 4949 1321 5015 Humiliarum
1337 4948 1609 5015 Clementinarum
1624 4948 1731 5013 studia
1746 4971 1785 5013 eo
1800 4948 1873 5036 plus

237 5076 486 5163 gravitatisque
501 5079 605 5162 magis
620 5085 732 5143 nostra
751 5087 856 5143 aetate
875 5077 1072 5143 intellectum
1091 5086 1141 5141 est
1158 5075 1276 5141 librum
1295 5076 1384 5141 illurn
1403 5075 1580 5143 Clementis
1599 5076 1822 5163 apocryphum
1839 5078 1873 5141 in

237 5201 374 5268 historia
394 5204 580 5290 primaevae
604 5203 761 5270 ecelesiae
785 5203 972 5289 indaganda
996 5205 1129 5270 maximi
1152 5204 1337 5269 faciendum
1362 5226 1444 5269 esse.
1489 5201 1583 5283 Quae
1609 5227 1707 5290 quum
1730 5205 1775 5269 ita
1800 5205 1874 5289 sint,
