4756 6194
375 407 416 470 14
1008 406 1189 471 CODICES
1211 408 1378 470 GRAECI.

371 611 570 697 antiquitatis
585 609 650 676 0110
663 632 729 674 non
744 612 878 674 minoris
893 612 1048 674 momenti
1062 609 1202 675 aceedit:
1227 612 1370 674 continet
1389 611 1473 674 enim
1492 611 1791 696 interpretationem
1807 610 2017 699 epistularum

370 736 466 802 Pauli
488 736 655 824 hucusque
673 739 882 824 incognitam.
924 737 1123 824 Fragmenta
1141 737 1233 802 Rom.
1248 738 1277 820 6,
1296 738 1428 803 14-19.
1445 739 1475 820 8,
1490 737 1604 821 35-9,
1620 739 1650 802 3.
1666 737 1775 803 2001.
1791 739 1821 821 2,
1839 739 1951 820 16-8,
1969 741 2017 802 111.

372 863 539 951 excipiunt
559 865 705 951 integrae
721 863 879 952 epistulae
895 874 1045 950 quattuor
1060 865 1154 929 haec:
1178 866 1206 927 1.
1226 875 1259 930 01
1276 866 1306 929 2.
1331 864 1374 929 ad
1396 863 1613 946 Timotbemn,
1636 866 1678 931 ad
1701 865 1823 947 Titum,
1849 864 1892 930 ad
1912 864 2018 930 Phile·

371 1014 510 1074 monem,
533 992 671 1079 denique
690 991 792 1057 Hebr.
814 994 842 1074 1,
859 991 950 1074 1-9,
967 991 1016 1056 15.
1060 992 1187 1057 Harum
1206 994 1346 1079 quinque
1366 991 1578 1079 epistularum
1596 1002 1705 1057 textus
1725 992 1869 1058 bonitate
1890 1004 2017 1058 antece-

372 1118 450 1183 dere
472 1119 601 1184 videtur
615 1120 798 1205 fragmenta
813 1117 1023 1205 epistularum
1038 1120 1080 1185 ad
1094 1119 1257 1185 Romanos
1273 1130 1306 1184 01
1320 1119 1363 1185 ad
1378 1118 1575 1185 Corinthios.
1618 1120 1830 1185 Inveniuntur
1845 1124 2018 1203 sectiones,

372 1269 455 1332 quae
469 1245 554 1312 hanc
570 1244 811 1312 similitudinem
826 1269 900 1311 cmn
914 1248 1129 1332 antiquissimi
1146 1247 1268 1312 codicis
1277 1248 1426 1312 Vaticani
1442 1246 1640 1312 sectionibus
1657 1246 1786 1330 habent,
1802 1248 1889 1334 quod
1904 1271 2017 1313 omnes

371 1372 464 1438 Pauli
487 1373 643 1460 epistulas
666 1373 923 1461 complecttmtur
945 1384 976 1439 et
998 1376 1032 1438 in
1054 1398 1153 1439 unum
1176 1377 1268 1460 quasi
1291 1398 1409 1462 corpus
1431 1375 1594 1460 redigtmt.
1636 1375 1689 1439 Ita
1710 1374 1752 1439 ad
1774 1375 1794 1439 2
1815 1374 1890 1439 Cor.
1914 1376 1944 1456 4,
1968 1378 2016 1439 16.

371 1512 482 1567 1101010
506 1515 556 1568 001
579 1504 681 1567 sectio
703 1502 760 1585 233
784 1501 827 1566 ad
848 1500 950 1565 Hebr.
966 1501 997 1583 6,
1012 1501 1042 1565 9.
1067 1504 1168 1566 sectio
1183 1503 1234 1565 61.
1277 1501 1488 1567 Memorabile
1513 1504 1609 1568 etiam
1629 1512 1679 1567 est
1697 1504 1790 1568 initia
1805 1503 2017 1590 epistularum

372 1629 534 1695 secundae
554 1629 598 1694 ad
612 1629 831 1710 Timotheum,
852 1628 895 1693 ad
909 1627 1035 1711 Titum,
1054 1629 1097 1694 ad
1118 1627 1352 1712 Philemonem,
1376 1630 1418 1694 ad
1439 1629 1610 1695 Hebraeos
1634 1631 1845 1717 inscriptione
1868 1632 2017 1717 insigniri

372 1759 456 1822 suris
473 1756 596 1822 Oorani
609 1758 751 1843 propria.

477 1881 510 1970 2)
533 1883 628 1949 Folia
648 1883 896 1948 membranacea
917 1905 977 1947 sex
999 1884 1033 1947 in
1053 1884 1093 1947 4⁰
1100 1931 1109 1965 ,
1133 1881 1255 1948 codicis
1269 1881 1430 1949 Arabici
1450 1885 1642 1970 fragmenta,
1665 1887 1806 1971 insignia
1820 1887 1960 1951 maxime
1977 1912 2016 1950 co

373 2012 459 2098 quod
478 2035 597 2076 annum
617 2033 680 2097 quo
701 2012 823 2097 scripta
845 2020 920 2075 sunt
938 2033 1016 2097 prae
1037 2033 1072 2075 se
1088 2011 1205 2075 femmt.
1248 2010 1378 2100 Scripta
1393 2022 1468 2076 sunt
1482 2014 1568 2076 enirn
1583 2035 1668 2077 anno
1684 2011 1831 2077 Arabum
1846 2013 1918 2078 272.
1936 2012 1970 2099 (i.
1987 2038 2015 2077 0.

372 2140 506 2203 sse-6.
526 2162 558 2225 p.
576 2135 667 2224 Chr.)
689 2137 730 2203 ab
749 2136 846 2204 Abba
860 2136 1002 2202 Antonio
1017 2137 1229 2223 Bagdalensi,
1250 2141 1305 2224 qui
1324 2139 1514 2227 plerumque
1533 2138 1713 2205 vocabatur
1731 2140 1831 2204 Daad
1851 2139 1907 2205 bin
1928 2144 2016 2224 Sina,

370 2269 404 2331 in
426 2267 569 2332 1001οὃ.
590 2263 696 2331 Sabae
718 2266 752 2330 in
773 2289 869 2330 usum
889 2266 997 2330 Patris
1011 2265 1118 2330 Isaaci
1134 2264 1290 2331 Sinaitiei.
1333 2265 1387 2331 Ex
1410 2267 1471 2332 hac
1493 2268 1609 2332 aetatis
1632 2269 1797 2332 notatione
1819 2291 2016 2356 magnopere

371 2392 611 2480 adjuvabuntur
637 2395 692 2479 qui
718 2392 923 2458 definiendae
950 2394 1048 2458 aetati
1075 2393 1225 2458 codicum
1252 2392 1469 2459 Arabicorum
1497 2406 1699 2460 vetustorum
1726 2418 1859 2483 operam
1885 2396 2016 2482 dant*).

373 2521 566 2587 Continetur
588 2530 695 2586 autem
713 2520 833 2618 'horum
856 2520 1009 2585 foliorum
1030 2522 1046 2583 l
1070 2544 1173 2607 usque
1193 2520 1214 2585 5
1232 2521 1306 2585 finis
1326 2520 1484 2606 legendae
1505 2522 1545 2586 de
1563 2521 1694 2587 Christo
1710 2523 1825 2587 mortis
1841 2546 1879 2588 ac
1895 2522 2015 2589 diaboli

371 2652 505 2731 victore,
521 2649 563 2714 ad
578 2647 712 2713 alteram
727 2658 854 2736 partem
869 2647 1029 2731 evangelii
1036 2648 1207 2712 Nicodemi
1221 2645 1277 2734 (cf.
1289 2648 1438 2734 Evangg.
1451 2672 1560 2736 apocr.
1574 2649 1624 2714 ed.
1636 2648 1811 2715 Tischend.
1824 2650 2015 2737 pact-e)

370 2776 472 2842 libere
492 2777 691 2864 compositae
700 2773 764 2862 **).
807 2774 902 2839 Folio
917 2774 948 2838 6.
963 2775 1078 2861 incipit
1091 2774 1228 2840 historia
1241 2775 1307 2840 litis
1325 2774 1583 2841 Christianorum
1599 2775 1854 2842 Sebastiensium
1870 2790 2016 2865 tempore

371 2903 487 2970 Basilii
502 2903 614 2988 Magni
629 2912 721 2967 actae
737 2925 810 2967 cum
825 2904 982 2989 episcopo
997 2902 1094 2966 Petro
1110 2904 1306 2968 matrimonii
1322 2904 1430 2990 specie
1445 2905 1555 2985 iuncti.

1126 3183 1265 3264 XVII.

679 3342 869 3408 Collectio
893 3343 1067 3408 codic-um
1089 3342 1370 3408 Hebraicorum
1393 3355 1430 3408 01
1450 3343 1715 3410 Α1011οο1010.

477 3558 634 3643 Exceptis
664 3555 792 3620 duobus
821 3554 984 3642 prioribus
1008 3555 1171 3620 Hebraice
1199 3557 1346 3643 scriptis,
1376 3558 1431 3642 qui
1458 3566 1533 3621 sunt
1554 3556 1777 3640 Rabbanitici,
1805 3582 1917 3624 ornnes
1941 3572 2017 3625 sunt

372 3686 545 3766 Karaitici,
567 3682 709 3748 Arabiee
732 3682 791 3748 sed
811 3683 973 3748 Hebraeis
994 3681 1110 3747 11110110
1133 3684 1256 3768 scripti.
1305 3683 1494 3749 Examinati
1516 3694 1592 3749 sunt
1612 3684 1647 3749 hi
1673 3685 1804 3751 codices
1826 3687 1975 3772 inprimis
1997 3713 2016 3752 a

371 3816 441 3878 viro
461 3815 494 3876 in
517 3811 579 3876 hoc
593 3810 773 3875 litterarum
792 3833 911 3895 genere
933 3810 1124 3891 clarissime,
1145 3809 1297 3897 Adolpho
1313 3809 1463 3894 Jellinek,
1484 3813 1539 3897 qui
1557 3811 1736 3877 identidem
1750 3813 1790 3877 de
1808 3814 1850 3878 iis
1865 3817 2018 3900 exposuit

371 3943 421 4004 in:
452 3938 700 4004 hionatssehrift
721 3938 774 4002 fiir
798 3935 994 4002 Geschichte
1015 3937 1082 4002 und
1101 3937 1341 4002 Wissenschaft
1362 3939 1420 4003 des
1439 3938 1666 4004 Judenthums.
1709 3940 1942 4025 Herauegeber
1955 3941 2017 4006 Dr.

372 4068 408 4131 Z.
432 4065 586 4131 Frankel.
610 4064 786 4150 18531101)
836 4064 952 4129 Judice
974 4064 1117 4130 Jellinek
1140 4064 1173 4129 hi
1195 4065 1325 4130 codices
1349 4087 1478 4148 omncs,
1502 4089 1638 4152 quorum
1659 4068 1815 4153 perpauci
1838 4068 1959 4133 similes
1984 4072 2017 4133 in

371 4195 524 4281 Europae
546 4192 752 4258 bibliothecis
776 4192 951 4273 habentur,
978 4194 1148 4278 permagni
1169 4191 1314 4258 faciundi
1336 4205 1426 4274 sunt,
1459 4195 1579 4280 quippe
1606 4194 1802 4259 ineditorum
1836 4195 1909 4261 luce
1937 4220 2016 4260 vero

372 4323 638 4406 dignissimorum
652 4319 841 4406 plenissimi.

480 4512 499 4566 ‘t
521 4505 672 4559 Facsimile
686 4504 793 4559 codicis
806 4502 870 4558 vide
883 4504 901 4560 1.
913 4503 931 4557 1.
943 4503 973 4556 in
986 4502 1152 4558 Zeitschrift
1164 4503 1215 4557 der
1226 4502 1364 4558 Deutsch.
1378 4505 1516 4575 morgeul.
1529 4503 1731 4560 Gerellschaft.

463 4599 500 4670 “)
517 4599 614 4654 Locus
631 4597 763 4653 faesimili
781 4614 930 4667 expressus
946 4596 1112 4653 Fleischero
1128 4597 1284 4667 interprete
1301 4596 1343 4651 010
1360 4598 1458 4651 habet:
1483 4599 1556 4652 Tum
1572 4599 1652 4654 mitte
1667 4599 1766 4663 (verba
1783 4606 1851 4654 sunt
1861 4599 1963 4655 Mortis
1979 4602 2017 4655 ad

373 4685 530 4749 diabolum)
543 4683 641 4755 copiae
653 4684 791 4738 malorum
805 4681 1017 4737 daemoniorum
1030 4689 1141 4737 tuorum
1154 4683 1192 4736 ad
1204 4682 1348 4752 principes
1361 4684 1542 4737 sacerdotum
1555 4690 1583 4738 01
1596 4685 1743 4738 doctorum
1756 4685 1843 4756 legis,
1861 4693 1894 4740 ut
1904 4702 2017 4740 omnem

373 4771 496 4840 ipsorum
514 4776 628 4840 gentem
643 4769 763 4822 incitent
779 4768 815 4821 ad
831 4766 933 4822 falsam
947 4769 1009 4839 ejus
1026 4766 1252 4822 criminationem
1274 4767 1433 4821 senioribus
1452 4774 1480 4821 et
1491 4768 1639 4838 judicibus
1657 4767 1840 4838 afferendam,
1860 4776 1893 4824 ut
1914 4770 2016 4840 capitis

374 4855 500 4909 damnari
513 4853 612 4925 possit.
649 4852 760 4918 Quodsi
772 4858 900 4908 mortuns
913 4851 999 4907 fuerit
1012 4852 1081 4907 etin
1093 4852 1224 4907 manibus
1237 4853 1316 4916 meis,
1329 4853 1357 4906 in
1371 4853 1434 4906 imis
1446 4851 1546 4907 inferis
1559 4870 1622 4908 eum
1636 4855 1814 4932 concludam.

450 4956 499 5009 ¹⁸⁸)
518 4947 562 5002 Cf.
575 4966 601 5017 p.
613 4947 664 5000 ‘245
677 4965 718 5018 sq.
753 4947 828 5002 Hem
839 4946 917 5003 Prof.
931 4948 964 5001 T.
982 4945 1032 5000 hat
1044 4946 1142 5000 seinen
1153 4947 1289 5016 jiingsten
1301 4944 1472 5000 Aufenthalt
1483 4947 1512 5000 in
1524 4946 1635 5001 Kahira
1647 4947 1720 5001 auch
1733 4966 1796 5002 zum
1808 4948 1930 5003 Ankauf
1940 4950 2016 5004 meh·

375 5052 419 5089 rer
431 5033 665 5088 rabbanitischen
682 5033 740 5086 und
752 5030 1064 5087 arabisch-kartiischer
1075 5030 1302 5086 Handschriften
1314 5030 1446 5098 benntzt,
1464 5033 1522 5086 und
1537 5033 1665 5087 dadurch
1678 5032 1730 5089 010
1743 5034 1794 5088 der
1805 5033 2018 5089 wissenschaft

372 5119 543 5188 iiberhaupt,
556 5137 588 5173 00
602 5117 810 5188 derjiidischen
826 5118 1031 5173 insbeeondcre
1043 5116 1125 5171 einen
1138 5133 1258 5186 groeeen
1267 5116 1372 5170 Dienst
1383 5116 1516 5189 geleistet
1589 5118 1641 5172 Ich
1654 5118 1903 5186 1010101011101,
1921 5123 2017 5189 spiiter

375 5206 454 5260 diosa
466 5203 620 5274 wichtigcn
632 5202 857 5258 Handschriften
869 5201 1046 5257 ausfdhrlich
1058 5202 1117 5255 und
1129 5217 1223 5272 genau
1235 5219 1270 5255 zu
1283 5201 1471 5258 besehreiben
1484 5244 1490 5257 .
1501 5243 1520 5258 ..
1541 5202 1585 5258 Cf.
1598 5223 1624 5276 p.
1636 5204 1687 5259 286
1699 5223 1761 5278 sqq.
1775 5222 1803 5274 p.
1813 5205 1865 5259 360
1876 5223 1938 5277 sqq.
