4756 6194
1913 411 1972 475 101

333 615 464 706 αῦτοῦ·λ)
487 618 559 702 φλόξ
578 616 607 682 δι’
627 618 657 682 ἐκ
676 616 816 700 στόματος
834 616 919 682 αὐτοῦ
938 617 1082 700 ἐξέρχεται.
1103 617 1131 680 ἐν
1151 613 1181 680 δὲ
1198 620 1238 696 τῴ
1256 616 1384 700 τραχίγλφ
1403 616 1542 693 αὐλίζεται
1561 614 1685 700 δόυαμις·
1709 615 1868 698 ἔμπροσθεν
1890 617 1976 683 αὐτοῦ

334 749 421 832 τρίχει
436 747 569 812 ἀπώλεια.
593 745 687 828 ἕστηκε
700 741 730 809 δό
741 742 836 827 ὥσπερ
851 743 947 827 άκμων
962 743 1107 826 ἀνήλατος.
1130 742 1179 808 εὀὶν
1193 743 1398 826 σιναντῆσωσιν
1413 743 1488 823 αὐτῷ
1503 743 1607 826 λόγχαι,
1623 741 1709 807 οῦθὲν
1720 743 1753 808 οό
1763 743 1800 826 μίγ
1811 742 1975 828 ποιήσωσιν·

333 872 432 959 ἥγηται
449 872 498 958 μὲν
516 874 570 958 γάρ
593 876 703 955 σίδηρον
721 870 836 954 ἀχυρον,
857 870 961 955 χαλκόν
980 869 1009 936 δὲ
1027 868 1121 954 ὥσπερ
1135 871 1216 948 ξῦλον
1229 871 1348 954 σαθρόν.
1371 868 1418 935 καί
1432 871 1465 937 οῦ
1477 870 1514 954 μίγ
1528 870 1627 954 τρώσει
1642 870 1726 936 αὐτόν
1743 870 1822 947 τόξον
1834 870 1973 954 χάλκεον·

333 999 432 1086 ἥγηται
449 1000 498 1084 μὲν
515 999 683 1083 πετροβόλου
700 998 807 1083 χόρτον.
830 998 870 1072 ὡς
888 999 998 1082 καλάμη
1017 995 1048 1062 δὲ
1060 1002 1257 1082 λογισθείησαν
1270 1000 1386 1081 σφυραί’
1402 1002 1543 1082 καταγελᾷ
1557 995 1606 1081 μὲν
1619 1002 1730 1081 σεισμοῦ
1744 997 1894 1080 πυρφόρον.
1916 999 1933 1081 ἡ
1948 998 1978 1064 δὲ

333 1128 461 1213 στρωμνὴ
475 1128 562 1194 αι’ντοῦ
576 1127 711 1211 όβελισκοι
724 1126 804 1204 ὀξεῖς.
814 1123 911 1210 ἥγηται
924 1124 973 1208 μὲν
986 1125 1036 1210 τὴν
1051 1127 1206 1193 θάλασσαν
1220 1123 1314 1209 ὥσπερ
1329 1127 1514 1208 ἐξάλειπτρον,
1529 1125 1578 1191 τὸν
1592 1123 1622 1188 δὲ
1635 1124 1776 1208 τάρταρον
1790 1131 1839 1209 τῆς
1853 1126 1976 1210 ἀβόσσοο

334 1254 429 1338 ὥσπερ
446 1254 630 1338 αἰχμάλωτον.
645 1253 694 1318 οῦκ
708 1255 780 1318 ἔστιν
795 1250 839 1319 ε’πῖ
854 1258 903 1335 τῆς
917 1259 965 1338 γης
980 1251 1073 1336 ὅμοιον
1086 1256 1169 1334 αι’τῴ.
1186 1254 1212 1317 οἱ
1223 1252 1276 1338 γάρ
1288 1259 1378 1318 δοῦλοι
1389 1258 1438 1319 τοῦ
1449 1259 1519 1318 θεοῦ
1533 1251 1640 1336 ἀγγελοι
1652 1252 1784 1325 πολλάκις
1794 1253 1978 1336 ὀνομάζονται

333 1383 389 1448 ῦπό
407 1388 457 1466 τῆς
476 1384 561 1454 θείας
579 1385 688 1464 γραφῆς
707 1381 754 1446 διά
773 1380 807 1446 τό
826 1381 933 1445 ἀκοῦειυ
952 1381 1053 1454 αιἰτοῦς
1070 1381 1167 1464 λόγους
1185 1380 1266 1462 παρά
1280 1386 1351 1446 θεοῦ
1365 1377 1412 1445 καὶ
1427 1380 1600 1464 ἀναγγελλειυ
1613 1389 1672 1452 τοῖς
1684 1384 1791 1453 λοιποῖς
1806 1380 1977 1463 ἀνθρώποις.

335 1507 402 1594 φησὶ
417 1509 470 1593 γάρ
479 1507 602 1591 Ἔσδρας
614 1510 787 1573 Ἀπεστειλεν
802 1507 817 1573 ό
832 1505 902 1582 θεός
916 1507 987 1590 πρὸς
1002 1507 1102 1581 αὐτοῦς
1116 1508 1181 1581 τοὺς
1198 1509 1311 1580 δούλους
1330 1508 1415 1573 αὐτοῦ
1434 1507 1498 1580 τοῦς
1515 1505 1672 1590 προφήτας·
1693 1505 1772 1572 αότοί
1790 1505 1821 1571 δὲ
1839 1507 1977 1592 ἐξεμυκτή-

333 1643 408 1723 ριζον
428 1637 492 1709 τοὺς
511 1637 642 1720 ἀγγελοος
661 1635 753 1700 αὐτοῦ.
775 1633 911 1709 ὡσαῦτως
929 1633 976 1699 καί
993 1633 1056 1719 περὶ
1076 1640 1125 1701 τοῦ
1145 1636 1301 1719 προδρόμου
1318 1637 1387 1719 λε’γει
1406 1636 1496 1718 κόριος
1513 1629 1603 1707 Οῦτός
1618 1633 1690 1698 ε’στιν
1704 1633 1765 1718 περὶ
1780 1629 1812 1700 οῦ
1826 1638 1977 1719 γέγραπται

334 1765 403 1831 Ἰδοὺ
423 1764 475 1848 ἐγώ
496 1764 659 1829 ἀποστέλλω
680 1763 727 1827 τόν
747 1761 863 1846 ἄγγελόν
881 1790 933 1845 μου
951 1763 1006 1844 πρὸ
1024 1763 1177 1845 προσώπου
1191 1789 1250 1828 σου.
1272 1760 1319 1826 καλ
1334 1763 1366 1826 οῦ
1379 1762 1464 1845 μόνον
1479 1760 1587 1844 ἀγγελοι
1600 1763 1725 1844 λε’γοιται
1738 1764 1765 1826 οἱ
1778 1765 1889 1836 δίκαωι,
1905 1762 1978 1827 ἀλλά

336 1891 383 1959 καί
405 1895 482 1965 θεοί,
511 1891 586 1956 κατά
608 1891 656 1957 τὸν
677 1893 793 1973 λέγοντα
813 1889 882 1974 Ἐγιδ
905 1890 970 1954 εἶπα
996 1893 1068 1957 Θεοί
1087 1890 1148 1955 ε’στε
1166 1886 1213 1954 καὶ
1234 1888 1286 1955 υἱοί
1306 1889 1427 1971 ῦψίστου
1446 1889 1558 1960 πάντες.
1588 1886 1646 1953 ε’πεὶ
1666 1884 1746 1974 οῦνλ)
1770 1891 1908 1972 αι’δίσμιος
1931 1887 1979 1955 καί

336 2019 484 2106 σεβάσμιος
497 2017 545 2083 καὶ
559 2018 669 2101 σφόδρα
684 2018 846 2101 περιβόητος
858 2016 1007 2101 ῦπῐηρχενό
1026 2017 1167 2101 ι’σάγγελος
1180 2017 1323 2100 Ἰάκωβος,
1346 2017 1441 2099 ἑορτῆς
1461 2018 1601 2099 γενομενης
1619 2022 1668 2082 τοῦ
1686 2017 1784 2101 πάσχα
1803 2015 1851 2081 καὶ
1869 2022 1980 2083 πολλιῦν

336 2147 475 2230 μυριάδων
495 2145 688 2211 συνελθόντων
703 2146 731 2208 ἐν
745 2149 785 2223 τῷ
800 2149 859 2223 ναῷ
873 2148 930 2208 τῶν
943 2144 1096 2218 Ἰουδαίων,
1119 2140 1167 2208 καί
1180 2148 1278 2208 τοῦτον
1293 2143 1486 2226 ἀνενείγκαντες
1501 2145 1526 2208 οί
1540 2144 1618 2227 ίερεῖς
1633 2141 1681 2227 (in
1695 2144 1841 2228 margine
1858 2172 1980 2227 γραμμα

335 2272 403 2359 τεῖς)
429 2272 473 2338 ε’πὶ
495 2271 528 2339 τό
550 2272 692 2356 πτερίνγιον
715 2276 765 2336 τοῦ
786 2272 858 2354 ἱεροῦ
880 2272 1061 2337 διασκεδάσαι
1083 2269 1240 2355 βουλόμενοι
1261 2270 1295 2336 τό
1318 2267 1440 2354 κήρυγμα
1462 2275 1600 2352 Χριστοῦ,
1623 2272 1701 2335 εἷπον
1720 2272 1824 2355 μεγάλη
1845 2277 1879 2353 τῇ
1900 2278 1980 2354 φωνῇ

333 2403 475 2484 Ἀξιοῦμείι
496 2426 540 2473 σε,
561 2402 661 2472 δίκαιε,
683 2399 767 2463 εἰπεῖν
788 2404 828 2479 τῷ
850 2403 911 2478 λαῷ
935 2397 980 2462 ίνα
1002 2398 1038 2482 μίγ
1061 2402 1222 2462 πλανῶνται
1243 2398 1333 2463 όπίσω
1352 2403 1401 2463 τοῦ
1419 2399 1562 2481 λεγομένου
1582 2404 1718 2480 Χριστοῦ·
1741 2397 1785 2464 σοί
1804 2397 1857 2482 γάρ
1876 2400 1980 2473 πάντες

337 2530 514 2612 πειθόμεθα,
537 2527 714 2610 γιιωίσκοντίς
728 2552 760 2591 σε
774 2528 879 2590 δίκαιον
893 2524 963 2591 όιτα
976 2522 1024 2588 καὶ
1039 2525 1305 2607 άπροσωπόληπτον.
1327 2524 1343 2590 ό
1358 2522 1388 2588 δὲ
1403 2524 1567 2608 ἀποκριθεὶς
1581 2525 1632 2608 ἔφη
1650 2527 1690 2589 Τί
1700 2553 1733 2608 με
1747 2526 1905 2608 ε’περωτιὶτε
1918 2524 1980 2610 περὶ

336 2662 385 2722 τοῦ
392 2659 526 2738 Χριστοῦ,
542 2652 590 2718 καί
604 2653 689 2726 αὐτὸς
703 2653 855 2728 καθεζεται
870 2652 898 2716 ἐν
912 2655 989 2735 δεξιᾷ
1003 2657 1052 2717 τοῦ
1066 2656 1137 2716 θεοῦ
1152 2653 1180 2715 εἰ·
1194 2657 1233 2731 τῷ
1245 2651 1362 2735 οόρανρῦ.
1379 2654 1405 2716 οἱ
1417 2649 1446 2715 δὲ
1458 2651 1616 2735 παράνομοι
1627 2653 1758 2735 ἀρχιερεῖς
1768 2652 1815 2717 καλ
1827 2658 1980 2737 Φαρισαῖοι

337 2783 457 2866 ἔκραξαν
469 2777 508 2845 Ὦ
527 2776 551 2845 ὦ
571 2776 648 2865 (hoc
664 2782 824 2861 accentu)·
848 2776 895 2843 καὶ
914 2778 930 2845 ό
949 2782 1054 2852 δίκαιος
1072 2779 1225 2862 ε’πλανηθη.
1241 2777 1287 2843 καί
1302 2780 1383 2843 εἶπαν
1397 2777 1468 2861 πρὸς
1482 2780 1615 2862 ἀλλήλους
1628 2786 1736 2852 Κακώς
1751 2781 1915 2864 ἐποιήσαμεν
1928 2810 1980 2847 τοι·

337 2910 422 2993 αότην
436 2910 590 2992 μαρτυρίαν
604 2909 673 2973 καθ’
690 2908 797 2972 ἑαυτῶν
811 2905 879 2989 ῦπὲρ
893 2911 942 2971 τοῦ
948 2907 1037 2989 Ἰησοῦ
1050 2907 1251 2990 παρασχόντες.
1267 2903 1313 2970 καὶ
1328 2903 1425 2971 πολλοὶ
1439 2906 1469 2969 ε’κ
1483 2912 1532 2971 τοῦ
1545 2912 1615 2972 λαοῦ
1629 2908 1799 2982 ἀκούσαντες
1809 2909 1981 2975 ἐπίστευσαν.

337 3034 384 3101 καὶ
398 3035 431 3120 δὴ
444 3038 576 3118 μανίυτες
590 3037 616 3100 οί
630 3035 766 3120 ε’ξάγιστοι
779 3032 827 3099 καλ
840 3038 939 3100 τοῦτον
953 3036 1235 3116 κατακρημνισαντες,
1256 3035 1350 3106 κλίνας
1363 3033 1401 3098 τά
1416 3033 1522 3118 γόνατα
1536 3031 1604 3118 ῦπόρ
1624 3035 1716 3100 αῦτοῦν
1735 3036 1911 3120 προσηύχετο.
1933 3035 1981 3102 καί

337 3165 521 3247 προσεγγίσας
540 3189 582 3236 τις
600 3167 657 3226 τῶν
674 3163 740 3226 οἰῶν
752 3158 851 3246 Ῥιχάβ
869 3158 916 3225 καὶ
936 3160 1060 3234 ἀκούσας
1080 3161 1165 3226 αὐτοῦ
1176 3163 1244 3244 λέγει
1259 3161 1353 3235 αὐτοῖς
1370 3164 1411 3227 Τί
1420 3173 1522 3228 ποιεῖτε
1526 3191 1537 3238 ,·
1556 3162 1571 3227 ὁ
1587 3165 1692 3236 δίκαως
1705 3168 1811 3245 μᾶλλον
1823 3162 1892 3247 ὑπὲρ
1905 3163 1982 3248 ῦμοῦν

338 3288 446 3374 (1706.
461 3287 551 3374 ἡμων)
576 3287 691 3373 είχεται.
713 3287 761 3354 καὶ
782 3289 895 3372 δραμών
917 3316 959 3362 τις
975 3287 1096 3371 κναφεὺς
1115 3288 1213 3352 ἔδωκεν
1232 3289 1271 3360 εἰς
1284 3288 1334 3373 τὴν
1355 3289 1477 3374 κεφαλὴν
1497 3291 1582 3355 αὐτοῦ
1598 3289 1668 3372 μετὰ
1688 3295 1737 3356 τοῦ
1755 3291 1836 3367 ξόλου
1854 3291 1882 3355 ἕν
1902 3287 1925 3371 ᾦ
1943 3293 1981 3357 τά

337 3418 434 3500 ίμάτια
450 3417 562 3492 ε’κπιίζει
577 3415 681 3493 (1706.
697 3419 761 3493 -ζειν
775 3413 888 3500 εἴωθε),
911 3413 958 3480 καὶ
972 3421 1143 3499 παραχρῆμα
1159 3417 1329 3499 ε’τελείτησεν
1347 3416 1362 3481 ό
1382 3419 1493 3490 δίκαιος.
1516 3417 1670 3499 θάψαντες
1688 3415 1717 3482 δὲ
1737 3418 1822 3483 αὐτόν
1841 3419 1921 3500 παρὰ
1940 3425 1980 3499 τῷ

336 3550 397 3625 ναῷ
420 3544 564 3627 ἀνηγειραν
587 3543 673 3608 αἰτοῦ
696 3543 745 3626 τίγν
768 3544 880 3627 στήλην·
906 3542 976 3627 μετὰ
995 3541 1025 3607 δὲ
1043 3542 1092 3626 την
1109 3545 1263 3626 μαρτυρίαν
1283 3544 1368 3608 αὐτοῦ
1385 3543 1465 3626 παρά
1483 3544 1574 3616 πόδας
1591 3543 1766 3627 Ἰερουσαλὴμ
1789 3549 1980 3628 πολιορκεῖται.

335 3670 403 3756 φησὶ
422 3671 475 3754 γάρ
489 3671 645 3752 Ἰώσηππος
663 3675 765 3735 Ταῦτα
784 3668 813 3734 δὲ
831 3672 997 3755 σομβεβηκευ
1013 3670 1156 3744 Ἰουδαίοις
1174 3670 1235 3735 κατ’
1258 3671 1391 3754 ἐκδίκησιν
1403 3671 1536 3755 Ἰακώβου
1554 3675 1603 3735 τοῦ
1621 3673 1740 3745 δικαίου,
1758 3670 1791 3745 ὃς
1808 3666 1840 3755 ίγν
1860 3672 1981 3755 ἀδελφός

335 3799 425 3881 Ἰησοῦ
439 3803 488 3864 τοῦ
497 3799 640 3880 λεγομένω
649 3802 787 3880 Χριστοῦ·
803 3798 955 3881 ἐπειδήπερ
970 3798 1145 3863 δικαιότατον
1159 3796 1245 3862 αίτόν
1259 3795 1328 3863 ὄντα
1341 3798 1468 3863 Ἰουδαῖοι
1482 3799 1654 3863 ἀπέκτειναν.
1674 3799 1710 3864 Οἱ
1716 3795 1741 3883 ³)
1757 3800 1847 3863 τοίνυν
1854 3799 1982 3864 Ἰουδαῖοι

336 3925 407 4008 μετὰ
426 3924 476 4009 την
495 3929 544 3989 τοῦ
563 3926 655 4008 κυρίου
673 3923 751 4007 ίγμιῦν
770 3925 911 4007 ἀνάληψιν
932 3925 1099 4008 άπολεμητοι
1117 3925 1162 4007 ἔτη
1181 3934 1213 4008 μ’
1233 3926 1379 4007 διέμειναν,
1403 3930 1453 3989 τοῦ
1471 3931 1597 4008 Χριστοῦ
1614 3931 1861 4008 μακροθυμοῦιτος
1880 3925 1925 3990 ε’πό
1947 3932 1981 4009 τῇ

337 4054 501 4135 παρανομίᾳ
520 4048 566 4115 καὶ
586 4054 729 4134 θεομαχίᾳ
749 4052 853 4125 αὐτῶν,
875 4049 953 4124 όπως
971 4052 1229 4136 γνωσιμαχήσαντες
1249 4052 1293 4117 ε’πί.
1312 4058 1345 4133 τῇ
1365 4054 1477 4134 τοιαῦτη
1495 4057 1661 4136 πλημμελείᾳ
1680 4053 1795 4136 ἰσχυράν
1813 4053 1983 4136 ποιησωιται

336 4179 386 4263 την
404 4177 562 4262 μετάνοιαν.
581 4175 652 4243 όθεν
672 4178 767 4251 αὐτοῖς
781 4179 888 4264 φοβερὰ
902 4189 1001 4261 σημεῖα
1016 4180 1165 4244 ἐπεδείκνυε
1180 4179 1229 4264 τίγν
1242 4181 1396 4262 μέλλουσαν
1410 4181 1634 4265 καταλαμβάνειν
1649 4180 1750 4254 αὐτοῦς
1764 4178 1867 4245 ἅλωσιν
1880 4208 1981 4263 προμη-

336 4306 446 4372 νῦοντα.
469 4305 497 4368 ἕν
517 4304 570 4388 γάρ
590 4311 623 4388 τῇ
642 4309 699 4370 τῶν
719 4306 830 4388 άζόμων
847 4306 927 4388 ἑορτῇ
942 4302 1004 4388 περὶ
1018 4301 1096 4388 ιόραυ
1111 4305 1210 4389 ἐνάτην
1224 4311 1273 4389 τῆς
1286 4306 1384 4381 νυκτὸς
1397 4313 1529 4372 τοσοῦτον
1543 4313 1606 4390 φῶς
1619 4308 1668 4374 τόν
1681 4309 1750 4374 ναόν
1764 4307 1811 4373 καί
1826 4306 1875 4373 τόν
1888 4308 1982 4392 βωμόν

338 4436 526 4516 περιιλαμψεν
548 4430 591 4497 ἐπὶ
614 4429 692 4514 ιόραυ
715 4435 782 4515 μίαν
804 4431 843 4505 σός
866 4439 954 4497 δοκεῖν
974 4431 1078 4515 ἡμέραν
1100 4435 1239 4516 γενέσθαι.
1264 4435 1336 4517 μετὰ
1358 4432 1387 4499 δὲ
1407 4440 1489 4501 τοῦτο
1510 4436 1597 4518 ἐφάνη
1619 4435 1722 4519 ἀστροι·
1743 4432 1811 4518 ῦπὲρ
1832 4434 1881 4519 την
1903 4435 1983 4500 πόλιν

337 4564 464 4644 ῥομφαίᾳ
478 4560 680 4642 παραπλήσιον.

391 4790 407 4850 ¹)
421 4785 465 4839 lta
478 4787 569 4840 codex
581 4784 670 4840 habet
681 4786 733 4840 sed
745 4791 777 4838 ut
790 4786 897 4839 clarum
909 4791 954 4841 est
966 4786 1076 4843 vitiose.
1091 4785 1126 4840 In
1249 4790 1268 4852 8)
1283 4786 1363 4850 Quae
1375 4786 1411 4839 ab
1425 4785 1480 4840 hoc
1492 4787 1559 4840 inde
1570 4787 1634 4840 loco
1649 4793 1820 4860 sequuntur,
1838 4788 1915 4855 apud
1931 4786 1982 4840 Ce-

338 4876 418 4924 textu
436 4870 578 4925 Vaticano
596 4870 713 4941 legitur:
734 4875 868 4940 καιομένης
884 4876 948 4942 πυρὶ
978 4871 1126 4942 ἀνθράκων.
1199 4873 1317 4926 δεεωιιια
1343 4871 1488 4941 excipiunt
1507 4888 1569 4926 eam
1591 4889 1674 4944 quam
1695 4888 1781 4941 supra
1801 4871 1921 4925 vidimus
1946 4873 1982 4927 de

336 4954 438 5024 ἡψυχὴ
451 4956 533 5008 αἰτοῖ
545 4954 684 5024 ἄνθρακες.
1198 4957 1278 5010 Luca
1293 4955 1452 5023 historiam,
1471 4957 1646 5012 desinentem
1664 4956 1757 5012 verbis
1774 4955 1982 5027 ὁπατὴραίντοῦ

388 5043 410 5103 ²)
422 5039 468 5094 Ab
481 5039 526 5092 his
539 5039 607 5093 inde
625 5057 720 5094 rursus
738 5057 802 5094 eum
815 5038 931 5095 coislin.
943 5041 1001 5095 305.
1023 5041 1125 5112 Imper.
1196 5046 1277 5110 μῖγας
1290 5046 1493 5099 Κυισταντίνος.

337 5125 413 5179 1706.
427 5124 511 5194 ίοοίις
525 5125 592 5178 item
605 5123 751 5179 Cedrenus
764 5131 857 5179 textus
870 5143 966 5180 rursus
979 5125 1124 5182 eonferen-

338 5210 392 5263 dus
406 5215 464 5276 est,
477 5209 514 5263 ef.
528 5209 572 5265 ed.
587 5208 674 5263 Paris.
687 5225 752 5282 pag.
765 5210 823 5264 205.
836 5209 871 5263 D.
