<?xml version="1.0" encoding="UTF-8"?>
<!DOCTYPE html PUBLIC "-//W3C//DTD XHTML 1.0 Transitional//EN"
    "http://www.w3.org/TR/xhtml1/DTD/xhtml1-transitional.dtd">
<html xmlns="http://www.w3.org/1999/xhtml" xml:lang="en" lang="en">
 <head>
  <title>
</title>
<meta http-equiv="Content-Type" content="text/html;charset=utf-8" />
  <meta name='ocr-system' content='tesseract 3.04.00' />
  <meta name='ocr-capabilities' content='ocr_page ocr_carea ocr_par ocr_line ocrx_word'/>
</head>
<body>
  <div class='ocr_page' id='page_1' title='image "anecdotasacraet00tiscgoog_0027.png"; bbox 0 0 4756 6194; ppageno 0'>
   <div class='ocr_carea' id='block_1_1' title="bbox 366 419 1378 485">
    <p class='ocr_par' dir='ltr' id='par_1_1' title="bbox 366 419 1378 485">
     <span class='ocr_line' id='line_1_1' title="bbox 366 419 1378 485; baseline -0.002 0"><span class='ocrx_word' id='word_1_1' title='bbox 366 421 386 485; x_wconf 89' lang='lat'>8</span> <span class='ocrx_word' id='word_1_2' title='bbox 1006 419 1187 485; x_wconf 80' lang='lat' dir='ltr'><strong>comens</strong></span> <span class='ocrx_word' id='word_1_3' title='bbox 1210 420 1378 485; x_wconf 73' lang='lat' dir='ltr'><strong>GRAECI.</strong></span> 
     </span>
    </p>
   </div>
   <div class='ocr_carea' id='block_1_2' title="bbox 362 621 2015 1097">
    <p class='ocr_par' dir='ltr' id='par_1_2' title="bbox 362 621 2015 1097">
     <span class='ocr_line' id='line_1_2' title="bbox 367 621 2014 711; baseline 0.005 -23"><span class='ocrx_word' id='word_1_4' title='bbox 367 622 607 711; x_wconf 88' lang='lat' dir='ltr'><strong>subscriptione</strong></span> <span class='ocrx_word' id='word_1_5' title='bbox 615 644 697 709; x_wconf 92' lang='lat' dir='ltr'><strong>quae</strong></span> <span class='ocrx_word' id='word_1_6' title='bbox 707 645 828 689; x_wconf 88' lang='lat' dir='ltr'><strong>annum</strong></span> <span class='ocrx_word' id='word_1_7' title='bbox 836 644 900 710; x_wconf 91' lang='lat' dir='ltr'><strong>quo</strong></span> <span class='ocrx_word' id='word_1_8' title='bbox 909 623 1051 710; x_wconf 88' lang='lat' dir='ltr'><strong>scriptus</strong></span> <span class='ocrx_word' id='word_1_9' title='bbox 1060 633 1111 690; x_wconf 89' lang='lat' dir='ltr'><strong>est</strong></span> <span class='ocrx_word' id='word_1_10' title='bbox 1117 623 1236 710; x_wconf 81' lang='lat' dir='ltr'><strong>prodit,</strong></span> <span class='ocrx_word' id='word_1_11' title='bbox 1244 624 1299 689; x_wconf 89' lang='lat' dir='ltr'><strong>i.e.</strong></span> <span class='ocrx_word' id='word_1_12' title='bbox 1308 646 1428 689; x_wconf 88' lang='lat' dir='ltr'><strong>annum</strong></span> <span class='ocrx_word' id='word_1_13' title='bbox 1435 621 1558 689; x_wconf 83' lang='lat' dir='ltr'><strong>Christi</strong></span> <span class='ocrx_word' id='word_1_14' title='bbox 1566 622 1668 708; x_wconf 77' lang='lat'><strong>1054,</strong></span> <span class='ocrx_word' id='word_1_15' title='bbox 1676 625 1754 690; x_wconf 89' lang='lat' dir='ltr'><strong>item</strong></span> <span class='ocrx_word' id='word_1_16' title='bbox 1762 627 1895 692; x_wconf 88' lang='lat' dir='ltr'><strong>nomina</strong></span> <span class='ocrx_word' id='word_1_17' title='bbox 1902 649 2014 696; x_wconf 89' lang='lat' dir='ltr'><strong>eorum</strong></span> 
     </span>
     <span class='ocr_line' id='line_1_3' title="bbox 366 749 2015 842; baseline 0.001 -24"><span class='ocrx_word' id='word_1_18' title='bbox 366 775 504 839; x_wconf 88' lang='lat' dir='ltr'><strong>quorum</strong></span> <span class='ocrx_word' id='word_1_19' title='bbox 512 751 611 838; x_wconf 90' lang='lat' dir='ltr'><strong>jussu</strong></span> <span class='ocrx_word' id='word_1_20' title='bbox 626 751 767 837; x_wconf 88' lang='lat' dir='ltr'><strong>scriptus</strong></span> <span class='ocrx_word' id='word_1_21' title='bbox 783 760 833 815; x_wconf 88' lang='lat' dir='ltr'><strong>est</strong></span> <span class='ocrx_word' id='word_1_22' title='bbox 848 759 881 816; x_wconf 89' lang='lat' dir='ltr'><strong>ct</strong></span> <span class='ocrx_word' id='word_1_23' title='bbox 896 751 966 838; x_wconf 93' lang='lat' dir='ltr'><strong>ejus</strong></span> <span class='ocrx_word' id='word_1_24' title='bbox 982 752 1038 837; x_wconf 89' lang='lat' dir='ltr'><strong>qui</strong></span> <span class='ocrx_word' id='word_1_25' title='bbox 1053 751 1194 838; x_wconf 78' lang='lat' dir='ltr'><strong>scripsit.</strong></span> <span class='ocrx_word' id='word_1_26' title='bbox 1239 749 1405 839; x_wconf 85' lang='lat' dir='ltr'><strong>Scriptum</strong></span> <span class='ocrx_word' id='word_1_27' title='bbox 1426 759 1478 816; x_wconf 88' lang='lat' dir='ltr'><strong>cst</strong></span> <span class='ocrx_word' id='word_1_28' title='bbox 1492 752 1578 817; x_wconf 87' lang='lat' dir='ltr'><strong>anim</strong></span> <span class='ocrx_word' id='word_1_29' title='bbox 1592 751 1628 816; x_wconf 89' lang='lat' dir='ltr'><strong>in</strong></span> <span class='ocrx_word' id='word_1_30' title='bbox 1640 750 1728 817; x_wconf 90' lang='lat' dir='ltr'><strong>hunc</strong></span> <span class='ocrx_word' id='word_1_31' title='bbox 1741 753 1889 819; x_wconf 87' lang='lat' dir='ltr'><strong>modum:</strong></span> <span class='ocrx_word' id='word_1_32' title='bbox 1909 757 2015 842; x_wconf 70' lang='grc' dir='ltr'><strong><em>ἐγράφη</em></strong></span> 
     </span>
     <span class='ocr_line' id='line_1_4' title="bbox 362 874 2015 966; baseline 0.002 -21"><span class='ocrx_word' id='word_1_33' title='bbox 362 880 380 965; x_wconf 80' lang='grc' dir='ltr'><em>ἡ</em></span> <span class='ocrx_word' id='word_1_34' title='bbox 400 881 662 963; x_wconf 74' lang='grc' dir='ltr'><strong><em>πνευματοκείκπυς</em></strong></span> <span class='ocrx_word' id='word_1_35' title='bbox 675 875 722 944; x_wconf 78' lang='grc' dir='ltr'><strong><em>καί</em></strong></span> <span class='ocrx_word' id='word_1_36' title='bbox 736 877 796 963; x_wconf 80' lang='grc' dir='ltr'><strong><em>ἱερὰ</em></strong></span> <span class='ocrx_word' id='word_1_37' title='bbox 810 881 903 964; x_wconf 74' lang='grc' dir='ltr'><strong><em>βίβλος</em></strong></span> <span class='ocrx_word' id='word_1_38' title='bbox 917 876 986 963; x_wconf 72' lang='grc' dir='ltr'><strong><em>αὕτη</em></strong></span> <span class='ocrx_word' id='word_1_39' title='bbox 1000 906 1055 946; x_wconf 86' lang='grc' dir='ltr'><strong>κατ</strong></span> <span class='ocrx_word' id='word_1_40' title='bbox 1078 878 1226 964; x_wconf 71' lang='grc' dir='ltr'><strong><em>ἐπιτροπὴν</em></strong></span> <span class='ocrx_word' id='word_1_41' title='bbox 1241 874 1362 964; x_wconf 84' lang='lat' dir='ltr'><strong>(codex</strong></span> <span class='ocrx_word' id='word_1_42' title='bbox 1375 889 1606 963; x_wconf 80' lang='grc' dir='ltr'><strong><em>κατεπιτρωποῖν,</em></strong></span> <span class='ocrx_word' id='word_1_43' title='bbox 1625 877 1774 945; x_wconf 85' lang='lat' dir='ltr'><strong>similiter</strong></span> <span class='ocrx_word' id='word_1_44' title='bbox 1787 882 1911 966; x_wconf 89' lang='lat' dir='ltr'><strong>passim</strong></span> <span class='ocrx_word' id='word_1_45' title='bbox 1927 894 2015 949; x_wconf 89' lang='lat' dir='ltr'><strong>errat</strong></span> 
     </span>
     <span class='ocr_line' id='line_1_5' title="bbox 366 1003 2015 1097; baseline 0.004 -24"><span class='ocrx_word' id='word_1_46' title='bbox 366 1003 521 1093; x_wconf 77' lang='lat' dir='ltr'>scriptor)</span> <span class='ocrx_word' id='word_1_47' title='bbox 542 1010 591 1072; x_wconf 80' lang='grc' dir='ltr'><strong>τοῦ</strong></span> <span class='ocrx_word' id='word_1_48' title='bbox 604 1009 696 1090; x_wconf 80' lang='grc' dir='ltr'><strong><em>κυρίου</em></strong></span> <span class='ocrx_word' id='word_1_49' title='bbox 713 1006 814 1091; x_wconf 74' lang='grc' dir='ltr'><strong><em>Ἰακυλβ</em></strong></span> <span class='ocrx_word' id='word_1_50' title='bbox 825 1011 949 1090; x_wconf 82' lang='grc' dir='ltr'><strong><em>μοναχοῦ</em></strong></span> <span class='ocrx_word' id='word_1_51' title='bbox 966 1004 1013 1071; x_wconf 76' lang='grc' dir='ltr'><strong><em>καὶ</em></strong></span> <span class='ocrx_word' id='word_1_52' title='bbox 1027 1008 1211 1092; x_wconf 66' lang='grc' dir='ltr'><strong><em>πρεσβυτέρου</em></strong></span> <span class='ocrx_word' id='word_1_53' title='bbox 1228 1004 1277 1073; x_wconf 81' lang='grc' dir='ltr'><strong><em>καλ</em></strong></span> <span class='ocrx_word' id='word_1_54' title='bbox 1292 1005 1423 1073; x_wconf 78' lang='grc' dir='ltr'><strong><em>Ἰωάννου</em></strong></span> <span class='ocrx_word' id='word_1_55' title='bbox 1440 1011 1563 1091; x_wconf 78' lang='grc' dir='ltr'><strong><em>μοναχοῦ</em></strong></span> <span class='ocrx_word' id='word_1_56' title='bbox 1586 1006 1633 1072; x_wconf 74' lang='grc' dir='ltr'><strong>διὰ</strong></span> <span class='ocrx_word' id='word_1_57' title='bbox 1645 1007 1735 1092; x_wconf 76' lang='grc' dir='ltr'><strong><em>χορὸς</em></strong></span> <span class='ocrx_word' id='word_1_58' title='bbox 1747 1008 1878 1075; x_wconf 79' lang='grc' dir='ltr'><strong><em>Ἰωάννου</em></strong></span> <span class='ocrx_word' id='word_1_59' title='bbox 1891 1019 2015 1097; x_wconf 76' lang='grc' dir='ltr'><strong><em>μοναχοῦ</em></strong></span> 
     </span>
    </p>
   </div>
   <div class='ocr_carea' id='block_1_3' title="bbox 366 1125 2014 1220">
    <p class='ocr_par' dir='ltr' id='par_1_3' title="bbox 366 1125 2014 1220">
     <span class='ocr_line' id='line_1_6' title="bbox 366 1125 2014 1220; baseline 0.005 -24"><span class='ocrx_word' id='word_1_60' title='bbox 366 1137 444 1208; x_wconf 69' lang='grc' dir='ltr'><strong><em>ἔτους</em></strong></span> <span class='ocrx_word' id='word_1_61' title='bbox 457 1127 537 1220; x_wconf 55' lang='grc' dir='ltr'><strong>ᾧῖβ</strong></span> <span class='ocrx_word' id='word_1_62' title='bbox 551 1134 601 1199; x_wconf 74' lang='lat' dir='ltr'><strong>lvd.</strong></span> <span class='ocrx_word' id='word_1_63' title='bbox 615 1125 646 1219; x_wconf 70' lang='lat' dir='ltr'><strong>ql</strong></span> <span class='ocrx_word' id='word_1_64' title='bbox 655 1162 683 1217; x_wconf 91' lang='grc' dir='ltr'><strong><em>μ</em></strong></span> <span class='ocrx_word' id='word_1_65' title='bbox 696 1133 773 1218; x_wconf 81' lang='grc' dir='ltr'><strong><em>ἀπρι.</em></strong></span> <span class='ocrx_word' id='word_1_66' title='bbox 788 1128 813 1197; x_wconf 64' lang='lat' dir='ltr'><strong>i.</strong></span> <span class='ocrx_word' id='word_1_67' title='bbox 857 1132 965 1198; x_wconf 88' lang='lat' dir='ltr'><strong>Tcxtu</strong></span> <span class='ocrx_word' id='word_1_68' title='bbox 979 1134 1096 1198; x_wconf 90' lang='lat' dir='ltr'><strong>mirum</strong></span> <span class='ocrx_word' id='word_1_69' title='bbox 1110 1133 1146 1198; x_wconf 91' lang='lat' dir='ltr'><strong>in</strong></span> <span class='ocrx_word' id='word_1_70' title='bbox 1159 1131 1292 1199; x_wconf 93' lang='lat' dir='ltr'><strong>modum</strong></span> <span class='ocrx_word' id='word_1_71' title='bbox 1305 1155 1386 1220; x_wconf 91' lang='lat' dir='ltr'><strong>prae</strong></span> <span class='ocrx_word' id='word_1_72' title='bbox 1401 1132 1552 1199; x_wconf 89' lang='lat' dir='ltr'><strong>omnibus</strong></span> <span class='ocrx_word' id='word_1_73' title='bbox 1567 1141 1699 1200; x_wconf 80' lang='lat' dir='ltr'>actuum</span> <span class='ocrx_word' id='word_1_74' title='bbox 1714 1134 1883 1201; x_wconf 82' lang='lat' dir='ltr'><strong>codicibus</strong></span> <span class='ocrx_word' id='word_1_75' title='bbox 1899 1138 2014 1204; x_wconf 90' lang='lat' dir='ltr'><strong>eadem</strong></span> 
     </span>
    </p>
   </div>
   <div class='ocr_carea' id='block_1_4' title="bbox 362 1259 2016 3896">
    <p class='ocr_par' dir='ltr' id='par_1_4' title="bbox 362 1259 2016 3896">
     <span class='ocr_line' id='line_1_7' title="bbox 366 1259 2013 1348; baseline 0.002 -20"><span class='ocrx_word' id='word_1_76' title='bbox 366 1263 435 1328; x_wconf 84' lang='lat' dir='ltr'><strong>fere</strong></span> <span class='ocrx_word' id='word_1_77' title='bbox 461 1269 568 1327; x_wconf 86' lang='lat' dir='ltr'><strong>aetate</strong></span> <span class='ocrx_word' id='word_1_78' title='bbox 595 1261 725 1347; x_wconf 88' lang='lat' dir='ltr'><strong>scriptis</strong></span> <span class='ocrx_word' id='word_1_79' title='bbox 754 1259 896 1343; x_wconf 69' lang='lat' dir='ltr'><strong>excellit,</strong></span> <span class='ocrx_word' id='word_1_80' title='bbox 926 1269 1097 1348; x_wconf 81' lang='lat' dir='ltr'>tantopere</span> <span class='ocrx_word' id='word_1_81' title='bbox 1124 1261 1210 1325; x_wconf 90' lang='lat' dir='ltr'><strong>enim</strong></span> <span class='ocrx_word' id='word_1_82' title='bbox 1233 1260 1276 1327; x_wconf 89' lang='lat' dir='ltr'><strong>ad</strong></span> <span class='ocrx_word' id='word_1_83' title='bbox 1298 1269 1424 1326; x_wconf 86' lang='lat' dir='ltr'><strong>textum</strong></span> <span class='ocrx_word' id='word_1_84' title='bbox 1444 1259 1731 1326; x_wconf 87' lang='lat' dir='ltr'><strong>celeberrimorum</strong></span> <span class='ocrx_word' id='word_1_85' title='bbox 1752 1262 1902 1330; x_wconf 91' lang='lat' dir='ltr'><strong>codicum</strong></span> <span class='ocrx_word' id='word_1_86' title='bbox 1923 1263 2013 1330; x_wconf 74' lang='lat' dir='ltr'><strong>ABG</strong></span> 
     </span>
     <span class='ocr_line' id='line_1_8' title="bbox 365 1385 2014 1477; baseline 0.002 -22"><span class='ocrx_word' id='word_1_87' title='bbox 365 1388 492 1455; x_wconf 89' lang='lat' dir='ltr'><strong>accedit</strong></span> <span class='ocrx_word' id='word_1_88' title='bbox 511 1396 547 1452; x_wconf 89' lang='lat' dir='ltr'><strong>ut</strong></span> <span class='ocrx_word' id='word_1_89' title='bbox 566 1387 716 1453; x_wconf 88' lang='lat' dir='ltr'><strong>codicum</strong></span> <span class='ocrx_word' id='word_1_90' title='bbox 735 1385 991 1453; x_wconf 88' lang='lat' dir='ltr'><strong>minusculorum</strong></span> <span class='ocrx_word' id='word_1_91' title='bbox 1011 1409 1092 1474; x_wconf 89' lang='lat' dir='ltr'><strong>quos</strong></span> <span class='ocrx_word' id='word_1_92' title='bbox 1111 1397 1232 1453; x_wconf 91' lang='lat' dir='ltr'><strong>vocant</strong></span> <span class='ocrx_word' id='word_1_93' title='bbox 1249 1386 1372 1453; x_wconf 89' lang='lat' dir='ltr'><strong>nullum</strong></span> <span class='ocrx_word' id='word_1_94' title='bbox 1390 1410 1505 1474; x_wconf 89' lang='lat' dir='ltr'><strong>parem</strong></span> <span class='ocrx_word' id='word_1_95' title='bbox 1525 1385 1653 1453; x_wconf 90' lang='lat' dir='ltr'><strong>habeat.</strong></span> <span class='ocrx_word' id='word_1_96' title='bbox 1696 1387 1748 1454; x_wconf 89' lang='lat' dir='ltr'><strong>Ita</strong></span> <span class='ocrx_word' id='word_1_97' title='bbox 1766 1389 1817 1472; x_wconf 89' lang='grc'><strong>27,</strong></span> <span class='ocrx_word' id='word_1_98' title='bbox 1838 1390 1974 1477; x_wconf 87' lang='grc'><strong>27-28,</strong></span> <span class='ocrx_word' id='word_1_99' title='bbox 1993 1393 2014 1457; x_wconf 89' lang='grc'><strong>3</strong></span> 
     </span>
     <span class='ocr_line' id='line_1_9' title="bbox 367 1512 2012 1603; baseline 0.003 -23"><span class='ocrx_word' id='word_1_100' title='bbox 367 1513 531 1603; x_wconf 90' lang='lat' dir='ltr'><strong>(versibus</strong></span> <span class='ocrx_word' id='word_1_101' title='bbox 550 1512 606 1601; x_wconf 91' lang='grc'><strong>21)</strong></span> <span class='ocrx_word' id='word_1_102' title='bbox 629 1516 663 1580; x_wconf 90' lang='lat' dir='ltr'><strong>in</strong></span> <span class='ocrx_word' id='word_1_103' title='bbox 687 1537 820 1580; x_wconf 87' lang='lat' dir='ltr'><strong>censum</strong></span> <span class='ocrx_word' id='word_1_104' title='bbox 842 1515 976 1580; x_wconf 90' lang='lat' dir='ltr'><strong>veniunt</strong></span> <span class='ocrx_word' id='word_1_105' title='bbox 996 1513 1154 1580; x_wconf 88' lang='lat' dir='ltr'><strong>lectiones</strong></span> <span class='ocrx_word' id='word_1_106' title='bbox 1176 1514 1227 1580; x_wconf 85' lang='lat'><strong>39.</strong></span> <span class='ocrx_word' id='word_1_107' title='bbox 1270 1514 1397 1580; x_wconf 90' lang='lat' dir='ltr'><strong>Harum</strong></span> <span class='ocrx_word' id='word_1_108' title='bbox 1421 1514 1460 1578; x_wconf 90' lang='grc'><strong>16</strong></span> <span class='ocrx_word' id='word_1_109' title='bbox 1484 1536 1671 1581; x_wconf 88' lang='lat' dir='ltr'><strong>communes</strong></span> <span class='ocrx_word' id='word_1_110' title='bbox 1694 1514 1795 1582; x_wconf 90' lang='lat' dir='ltr'><strong>habet</strong></span> <span class='ocrx_word' id='word_1_111' title='bbox 1816 1540 1890 1583; x_wconf 91' lang='lat' dir='ltr'><strong>cum</strong></span> <span class='ocrx_word' id='word_1_112' title='bbox 1908 1517 2012 1585; x_wconf 77' lang='lat' dir='ltr'><strong>ABG:</strong></span> 
     </span>
     <span class='ocr_line' id='line_1_10' title="bbox 366 1639 2012 1736; baseline 0.003 -27"><span class='ocrx_word' id='word_1_113' title='bbox 366 1670 396 1708; x_wconf 92' lang='lat' dir='ltr'><strong>v.</strong></span> <span class='ocrx_word' id='word_1_114' title='bbox 419 1644 471 1708; x_wconf 92' lang='grc'><strong>29.</strong></span> <span class='ocrx_word' id='word_1_115' title='bbox 499 1642 575 1709; x_wconf 81' lang='grc' dir='ltr'><strong><em>κατά</em></strong></span> <span class='ocrx_word' id='word_1_116' title='bbox 597 1665 658 1729; x_wconf 91' lang='lat' dir='ltr'><strong>pro</strong></span> <span class='ocrx_word' id='word_1_117' title='bbox 686 1643 737 1718; x_wconf 72' lang='grc' dir='ltr'><strong><em>εἰς,</em></strong></span> <span class='ocrx_word' id='word_1_118' title='bbox 773 1666 803 1705; x_wconf 93' lang='lat' dir='ltr'><strong>v.</strong></span> <span class='ocrx_word' id='word_1_119' title='bbox 823 1642 875 1708; x_wconf 87' lang='lat'><strong>30.</strong></span> <span class='ocrx_word' id='word_1_120' title='bbox 899 1643 992 1728; x_wconf 77' lang='lat' dir='ltr'><strong>dyxdp.</strong></span> <span class='ocrx_word' id='word_1_121' title='bbox 1013 1643 1181 1726; x_wconf 80' lang='grc' dir='ltr'><strong><em>μελλόντων,</em></strong></span> <span class='ocrx_word' id='word_1_122' title='bbox 1209 1665 1241 1707; x_wconf 88' lang='lat' dir='ltr'><strong>v.</strong></span> <span class='ocrx_word' id='word_1_123' title='bbox 1264 1639 1315 1708; x_wconf 87' lang='grc'><strong>33.</strong></span> <span class='ocrx_word' id='word_1_124' title='bbox 1339 1641 1426 1726; x_wconf 62' lang='grc' dir='ltr'><strong><em>ἡμέρα</em></strong></span> <span class='ocrx_word' id='word_1_125' title='bbox 1451 1641 1577 1727; x_wconf 73' lang='grc' dir='ltr'><strong><em>ἤμελλεν,</em></strong></span> <span class='ocrx_word' id='word_1_126' title='bbox 1611 1666 1642 1708; x_wconf 94' lang='lat' dir='ltr'><strong>v.</strong></span> <span class='ocrx_word' id='word_1_127' title='bbox 1673 1643 1725 1709; x_wconf 85' lang='lat'><strong>34.</strong></span> <span class='ocrx_word' id='word_1_128' title='bbox 1754 1651 1921 1731; x_wconf 74' lang='grc' dir='ltr'><strong>μεταλαβεῖν</strong></span> <span class='ocrx_word' id='word_1_129' title='bbox 1950 1672 2012 1736; x_wconf 92' lang='lat' dir='ltr'><strong>pro</strong></span> 
     </span>
     <span class='ocr_line' id='line_1_11' title="bbox 365 1768 2013 1858; baseline 0.002 -20"><span class='ocrx_word' id='word_1_130' title='bbox 365 1778 541 1857; x_wconf 76' lang='grc' dir='ltr'><strong><em>προσλαβεῖν,</em></strong></span> <span class='ocrx_word' id='word_1_131' title='bbox 563 1768 686 1834; x_wconf 83' lang='lat' dir='ltr'><strong>ibidem</strong></span> <span class='ocrx_word' id='word_1_132' title='bbox 712 1769 770 1837; x_wconf 83' lang='grc' dir='ltr'><strong>ἀπό</strong></span> <span class='ocrx_word' id='word_1_133' title='bbox 792 1792 852 1857; x_wconf 91' lang='lat' dir='ltr'><strong>pro</strong></span> <span class='ocrx_word' id='word_1_134' title='bbox 872 1771 911 1845; x_wconf 82' lang='grc' dir='ltr'><strong><em>ε’κ,</em></strong></span> <span class='ocrx_word' id='word_1_135' title='bbox 933 1769 1054 1835; x_wconf 85' lang='lat' dir='ltr'><strong>ibidem</strong></span> <span class='ocrx_word' id='word_1_136' title='bbox 1077 1769 1223 1835; x_wconf 78' lang='grc' dir='ltr'><strong><em>ἀπολεῖται</em></strong></span> <span class='ocrx_word' id='word_1_137' title='bbox 1243 1791 1304 1855; x_wconf 90' lang='lat' dir='ltr'><strong>pro</strong></span> <span class='ocrx_word' id='word_1_138' title='bbox 1328 1781 1465 1845; x_wconf 76' lang='grc' dir='ltr'><strong><em>πεσεῖται,</em></strong></span> <span class='ocrx_word' id='word_1_139' title='bbox 1488 1794 1518 1835; x_wconf 86' lang='lat' dir='ltr'><strong>v.</strong></span> <span class='ocrx_word' id='word_1_140' title='bbox 1538 1770 1589 1836; x_wconf 88' lang='grc'><strong>37.</strong></span> <span class='ocrx_word' id='word_1_141' title='bbox 1612 1776 1704 1837; x_wconf 67' lang='lat' dir='ltr'><strong>adea</strong></span> <span class='ocrx_word' id='word_1_142' title='bbox 1727 1792 1796 1857; x_wconf 82' lang='grc' dir='ltr'><strong>ψυχ.</strong></span> <span class='ocrx_word' id='word_1_143' title='bbox 1820 1774 1849 1838; x_wconf 75' lang='grc' dir='ltr'><strong>ἓν</strong></span> <span class='ocrx_word' id='word_1_144' title='bbox 1871 1802 1895 1840; x_wconf 87' lang='grc' dir='ltr'><strong>τ.</strong></span> <span class='ocrx_word' id='word_1_145' title='bbox 1917 1782 2013 1858; x_wconf 82' lang='grc' dir='ltr'><strong><em>πλοίῳ,</em></strong></span> 
     </span>
     <span class='ocr_line' id='line_1_12' title="bbox 365 1894 2013 1990; baseline 0.001 -25"><span class='ocrx_word' id='word_1_146' title='bbox 365 1925 396 1965; x_wconf 83' lang='lat' dir='ltr'><strong>v.</strong></span> <span class='ocrx_word' id='word_1_147' title='bbox 412 1900 464 1964; x_wconf 83' lang='lat'><strong>40.</strong></span> <span class='ocrx_word' id='word_1_148' title='bbox 484 1900 644 1984; x_wconf 76' lang='grc' dir='ltr'><strong><em>ἀρτέμωνα,</em></strong></span> <span class='ocrx_word' id='word_1_149' title='bbox 667 1921 698 1962; x_wconf 90' lang='lat' dir='ltr'><strong>v.</strong></span> <span class='ocrx_word' id='word_1_150' title='bbox 714 1896 765 1961; x_wconf 90' lang='lat'><strong>41.</strong></span> <span class='ocrx_word' id='word_1_151' title='bbox 787 1898 928 1963; x_wconf 73' lang='grc' dir='ltr'><strong><em>ἐπέκειλαν</em></strong></span> <span class='ocrx_word' id='word_1_152' title='bbox 944 1894 1116 1983; x_wconf 80' lang='lat' dir='ltr'><strong>(serIptum</strong></span> <span class='ocrx_word' id='word_1_153' title='bbox 1136 1906 1186 1962; x_wconf 88' lang='lat' dir='ltr'><strong>est</strong></span> <span class='ocrx_word' id='word_1_154' title='bbox 1199 1934 1240 1942; x_wconf 91' lang='lat'>—</span> <span class='ocrx_word' id='word_1_155' title='bbox 1253 1894 1361 1984; x_wconf 79' lang='grc' dir='ltr'><strong><em>κιλαν),</em></strong></span> <span class='ocrx_word' id='word_1_156' title='bbox 1388 1920 1418 1959; x_wconf 86' lang='lat' dir='ltr'><strong>v.</strong></span> <span class='ocrx_word' id='word_1_157' title='bbox 1434 1897 1485 1960; x_wconf 89' lang='grc'><strong>42.</strong></span> <span class='ocrx_word' id='word_1_158' title='bbox 1506 1897 1636 1983; x_wconf 68' lang='grc' dir='ltr'><strong><em>διαφέρῃ,</em></strong></span> <span class='ocrx_word' id='word_1_159' title='bbox 1668 1922 1698 1962; x_wconf 88' lang='lat' dir='ltr'><strong>v.</strong></span> <span class='ocrx_word' id='word_1_160' title='bbox 1718 1898 1770 1964; x_wconf 87' lang='grc'><strong>43.</strong></span> <span class='ocrx_word' id='word_1_161' title='bbox 1793 1901 2013 1990; x_wconf 63' lang='grc' dir='ltr'><strong>ἑκατοντάρχης,Ι</strong></span> 
     </span>
     <span class='ocr_line' id='line_1_13' title="bbox 365 2023 2013 2111; baseline 0.002 -20"><span class='ocrx_word' id='word_1_162' title='bbox 365 2028 458 2109; x_wconf 90' lang='grc'><strong>28,1.</strong></span> <span class='ocrx_word' id='word_1_163' title='bbox 481 2027 645 2110; x_wconf 67' lang='grc' dir='ltr'><strong><em>ἐπέγνωμεν,</em></strong></span> <span class='ocrx_word' id='word_1_164' title='bbox 667 2049 697 2090; x_wconf 87' lang='lat' dir='ltr'><strong>v.</strong></span> <span class='ocrx_word' id='word_1_165' title='bbox 714 2024 744 2088; x_wconf 91' lang='grc'><strong>2.</strong></span> <span class='ocrx_word' id='word_1_166' title='bbox 764 2023 852 2099; x_wconf 78' lang='grc' dir='ltr'><strong><em>οἵτε,</em></strong></span> <span class='ocrx_word' id='word_1_167' title='bbox 876 2023 998 2090; x_wconf 88' lang='lat' dir='ltr'><strong>ibidem</strong></span> <span class='ocrx_word' id='word_1_168' title='bbox 1019 2023 1156 2108; x_wconf 77' lang='grc' dir='ltr'><strong><em>ἅψαντες,</em></strong></span> <span class='ocrx_word' id='word_1_169' title='bbox 1176 2047 1206 2088; x_wconf 86' lang='lat' dir='ltr'><strong>v.</strong></span> <span class='ocrx_word' id='word_1_170' title='bbox 1222 2024 1253 2089; x_wconf 89' lang='lat'><strong>3.</strong></span> <span class='ocrx_word' id='word_1_171' title='bbox 1272 2049 1352 2111; x_wconf 76' lang='grc' dir='ltr'><strong><em>φρομ.</em></strong></span> <span class='ocrx_word' id='word_1_172' title='bbox 1372 2052 1398 2090; x_wconf 86' lang='grc' dir='ltr'><strong><em>τι</em></strong></span> <span class='ocrx_word' id='word_1_173' title='bbox 1415 2029 1540 2108; x_wconf 70' lang='grc' dir='ltr'><strong><em>πλῆθος,</em></strong></span> <span class='ocrx_word' id='word_1_174' title='bbox 1561 2023 1684 2091; x_wconf 87' lang='lat' dir='ltr'><strong>ibidem</strong></span> <span class='ocrx_word' id='word_1_175' title='bbox 1699 2025 1758 2093; x_wconf 81' lang='grc' dir='ltr'><strong>ἀπὸ</strong></span> <span class='ocrx_word' id='word_1_176' title='bbox 1772 2032 1829 2111; x_wconf 73' lang='grc' dir='ltr'><strong>τῆς.</strong></span> <span class='ocrx_word' id='word_1_177' title='bbox 1872 2028 1955 2095; x_wconf 84' lang='lat' dir='ltr'><strong>Item</strong></span> <span class='ocrx_word' id='word_1_178' title='bbox 1973 2032 2013 2095; x_wconf 87' lang='grc'><strong>10</strong></span> 
     </span>
     <span class='ocr_line' id='line_1_14' title="bbox 365 2150 2011 2242; baseline 0.004 -23"><span class='ocrx_word' id='word_1_179' title='bbox 365 2177 440 2219; x_wconf 91' lang='lat' dir='ltr'><strong>cum</strong></span> <span class='ocrx_word' id='word_1_180' title='bbox 464 2151 592 2218; x_wconf 89' lang='lat' dir='ltr'><strong>duobus</strong></span> <span class='ocrx_word' id='word_1_181' title='bbox 615 2175 657 2217; x_wconf 83' lang='lat' dir='ltr'><strong>cx</strong></span> <span class='ocrx_word' id='word_1_182' title='bbox 679 2151 744 2216; x_wconf 89' lang='lat' dir='ltr'><strong>bis:</strong></span> <span class='ocrx_word' id='word_1_183' title='bbox 767 2175 797 2216; x_wconf 93' lang='lat' dir='ltr'><strong>v.</strong></span> <span class='ocrx_word' id='word_1_184' title='bbox 813 2151 865 2215; x_wconf 89' lang='grc'><strong>29.</strong></span> <span class='ocrx_word' id='word_1_185' title='bbox 887 2153 924 2236; x_wconf 68' lang='grc' dir='ltr'><strong>μή</strong></span> <span class='ocrx_word' id='word_1_186' title='bbox 944 2178 1000 2217; x_wconf 88' lang='grc' dir='ltr'><strong><em>που</em></strong></span> <span class='ocrx_word' id='word_1_187' title='bbox 1022 2160 1055 2216; x_wconf 88' lang='lat' dir='ltr'><strong>ct</strong></span> <span class='ocrx_word' id='word_1_188' title='bbox 1072 2150 1201 2237; x_wconf 77' lang='grc' dir='ltr'><strong><em>ηὔχοντο,</em></strong></span> <span class='ocrx_word' id='word_1_189' title='bbox 1221 2174 1250 2213; x_wconf 97' lang='lat' dir='ltr'><strong>v.</strong></span> <span class='ocrx_word' id='word_1_190' title='bbox 1266 2150 1318 2215; x_wconf 86' lang='grc'><strong>39.</strong></span> <span class='ocrx_word' id='word_1_191' title='bbox 1338 2152 1462 2235; x_wconf 77' lang='grc' dir='ltr'><strong><em>πρώρας,</em></strong></span> <span class='ocrx_word' id='word_1_192' title='bbox 1485 2175 1515 2214; x_wconf 89' lang='lat' dir='ltr'><strong>v.</strong></span> <span class='ocrx_word' id='word_1_193' title='bbox 1530 2152 1582 2217; x_wconf 83' lang='lat'><strong>33.</strong></span> <span class='ocrx_word' id='word_1_194' title='bbox 1601 2151 1713 2237; x_wconf 59' lang='grc' dir='ltr'><strong><em>ἤμελλον</em></strong></span> <span class='ocrx_word' id='word_1_195' title='bbox 1733 2162 1766 2219; x_wconf 90' lang='lat' dir='ltr'><strong>et</strong></span> <span class='ocrx_word' id='word_1_196' title='bbox 1784 2159 2011 2242; x_wconf 76' lang='grc' dir='ltr'><strong><em>προσλαβόμενω,</em></strong></span> 
     </span>
     <span class='ocr_line' id='line_1_15' title="bbox 364 2276 2011 2364; baseline 0.003 -18"><span class='ocrx_word' id='word_1_197' title='bbox 364 2306 395 2346; x_wconf 90' lang='lat' dir='ltr'><strong>v.</strong></span> <span class='ocrx_word' id='word_1_198' title='bbox 411 2282 462 2345; x_wconf 84' lang='lat'><strong>34.</strong></span> <span class='ocrx_word' id='word_1_199' title='bbox 478 2280 623 2364; x_wconf 74' lang='grc' dir='ltr'><strong><em>ὑμετέρας,</em></strong></span> <span class='ocrx_word' id='word_1_200' title='bbox 642 2303 672 2343; x_wconf 92' lang='lat' dir='ltr'><strong>v.</strong></span> <span class='ocrx_word' id='word_1_201' title='bbox 689 2278 739 2344; x_wconf 88' lang='grc'><strong>37.</strong></span> <span class='ocrx_word' id='word_1_202' title='bbox 754 2277 859 2364; x_wconf 74' lang='grc' dir='ltr'><strong><em>ἥμεθα,</em></strong></span> <span class='ocrx_word' id='word_1_203' title='bbox 875 2303 905 2343; x_wconf 92' lang='lat' dir='ltr'><strong>v.</strong></span> <span class='ocrx_word' id='word_1_204' title='bbox 921 2279 972 2344; x_wconf 85' lang='grc'><strong>30.</strong></span> <span class='ocrx_word' id='word_1_205' title='bbox 988 2280 1127 2353; x_wconf 75' lang='grc' dir='ltr'><strong><em>ὂίνωντυ,</em></strong></span> <span class='ocrx_word' id='word_1_206' title='bbox 1150 2302 1180 2343; x_wconf 86' lang='lat' dir='ltr'><strong>v.</strong></span> <span class='ocrx_word' id='word_1_207' title='bbox 1195 2277 1246 2341; x_wconf 88' lang='grc'><strong>41.</strong></span> <span class='ocrx_word' id='word_1_208' title='bbox 1263 2280 1378 2360; x_wconf 64' lang='lat' dir='ltr'><strong>{precum</strong></span> <span class='ocrx_word' id='word_1_209' title='bbox 1400 2277 1451 2361; x_wconf 89' lang='grc'><strong>28,</strong></span> <span class='ocrx_word' id='word_1_210' title='bbox 1466 2276 1496 2342; x_wconf 87' lang='grc'><strong>3.</strong></span> <span class='ocrx_word' id='word_1_211' title='bbox 1512 2279 1676 2356; x_wconf 75' lang='grc' dir='ltr'><strong><em>ἐξελθοῦσα.</em></strong></span> <span class='ocrx_word' id='word_1_212' title='bbox 1719 2280 1802 2347; x_wconf 88' lang='lat' dir='ltr'><strong>Item</strong></span> <span class='ocrx_word' id='word_1_213' title='bbox 1819 2283 1837 2347; x_wconf 97' lang='grc'><strong>7</strong></span> <span class='ocrx_word' id='word_1_214' title='bbox 1857 2305 1931 2349; x_wconf 87' lang='lat' dir='ltr'><strong>oum</strong></span> <span class='ocrx_word' id='word_1_215' title='bbox 1946 2308 2011 2351; x_wconf 88' lang='lat' dir='ltr'><strong>uno</strong></span> 
     </span>
     <span class='ocr_line' id='line_1_16' title="bbox 365 2405 2012 2491; baseline 0.003 -17"><span class='ocrx_word' id='word_1_216' title='bbox 365 2433 407 2475; x_wconf 84' lang='lat' dir='ltr'><strong>ex</strong></span> <span class='ocrx_word' id='word_1_217' title='bbox 429 2408 496 2473; x_wconf 86' lang='lat' dir='ltr'><strong>bis:</strong></span> <span class='ocrx_word' id='word_1_218' title='bbox 524 2430 555 2471; x_wconf 93' lang='lat' dir='ltr'><strong>v.</strong></span> <span class='ocrx_word' id='word_1_219' title='bbox 570 2407 622 2471; x_wconf 92' lang='grc'><strong>27.</strong></span> <span class='ocrx_word' id='word_1_220' title='bbox 645 2407 803 2491; x_wconf 71' lang='grc' dir='ltr'><strong><em>ἐπεγένετο,</em></strong></span> <span class='ocrx_word' id='word_1_221' title='bbox 825 2430 856 2470; x_wconf 92' lang='lat' dir='ltr'><strong>v.</strong></span> <span class='ocrx_word' id='word_1_222' title='bbox 872 2407 923 2472; x_wconf 89' lang='grc'><strong>28.</strong></span> <span class='ocrx_word' id='word_1_223' title='bbox 938 2408 1055 2491; x_wconf 78' lang='grc' dir='ltr'><strong><em>ὀργῦας,</em></strong></span> <span class='ocrx_word' id='word_1_224' title='bbox 1078 2429 1108 2469; x_wconf 82' lang='grc' dir='ltr'><strong>ν.</strong></span> <span class='ocrx_word' id='word_1_225' title='bbox 1125 2405 1175 2470; x_wconf 85' lang='grc'><strong>29.</strong></span> <span class='ocrx_word' id='word_1_226' title='bbox 1195 2407 1358 2491; x_wconf 70' lang='grc' dir='ltr'><strong><em>φοβούμενοι</em></strong></span> <span class='ocrx_word' id='word_1_227' title='bbox 1376 2407 1418 2480; x_wconf 82' lang='grc' dir='ltr'><strong>δέ,</strong></span> <span class='ocrx_word' id='word_1_228' title='bbox 1440 2429 1471 2470; x_wconf 90' lang='lat' dir='ltr'><strong>v.</strong></span> <span class='ocrx_word' id='word_1_229' title='bbox 1487 2405 1538 2471; x_wconf 83' lang='lat'><strong>35.</strong></span> <span class='ocrx_word' id='word_1_230' title='bbox 1562 2407 1775 2491; x_wconf 70' lang='grc' dir='ltr'><strong><em>ηίνχαρίττησεν,</em></strong></span> <span class='ocrx_word' id='word_1_231' title='bbox 1798 2432 1829 2473; x_wconf 85' lang='lat' dir='ltr'><strong>v.</strong></span> <span class='ocrx_word' id='word_1_232' title='bbox 1845 2411 1896 2476; x_wconf 89' lang='grc'><strong>37.</strong></span> <span class='ocrx_word' id='word_1_233' title='bbox 1920 2418 2012 2480; x_wconf 84' lang='grc' dir='ltr'><strong><em>πᾶσαν</em></strong></span> 
     </span>
     <span class='ocr_line' id='line_1_17' title="bbox 364 2529 2012 2623; baseline 0.002 -21"><span class='ocrx_word' id='word_1_234' title='bbox 364 2535 488 2623; x_wconf 84' lang='lat' dir='ltr'><strong>absque</strong></span> <span class='ocrx_word' id='word_1_235' title='bbox 508 2537 547 2610; x_wconf 80' lang='lat' dir='ltr'><strong>ul,</strong></span> <span class='ocrx_word' id='word_1_236' title='bbox 562 2558 592 2599; x_wconf 91' lang='lat' dir='ltr'><strong>v.</strong></span> <span class='ocrx_word' id='word_1_237' title='bbox 608 2534 659 2599; x_wconf 90' lang='grc'><strong>39.</strong></span> <span class='ocrx_word' id='word_1_238' title='bbox 679 2534 837 2620; x_wconf 68' lang='grc' dir='ltr'><strong><em>ἐβούλοντο,</em></strong></span> <span class='ocrx_word' id='word_1_239' title='bbox 855 2556 886 2597; x_wconf 93' lang='lat' dir='ltr'><strong>v.</strong></span> <span class='ocrx_word' id='word_1_240' title='bbox 901 2532 953 2598; x_wconf 87' lang='grc'><strong>43.</strong></span> <span class='ocrx_word' id='word_1_241' title='bbox 973 2534 1041 2598; x_wconf 69' lang='lat' dir='ltr'><strong>tuat.</strong></span> <span class='ocrx_word' id='word_1_242' title='bbox 1056 2535 1093 2598; x_wconf 81' lang='grc' dir='ltr'><strong>δέ.</strong></span> <span class='ocrx_word' id='word_1_243' title='bbox 1137 2532 1293 2598; x_wconf 86' lang='lat' dir='ltr'><strong>Tereum</strong></span> <span class='ocrx_word' id='word_1_244' title='bbox 1310 2529 1413 2614; x_wconf 62' lang='grc' dir='ltr'><strong>(ΒΘΗ,</strong></span> <span class='ocrx_word' id='word_1_245' title='bbox 1435 2532 1536 2599; x_wconf 88' lang='lat' dir='ltr'><strong>semel</strong></span> <span class='ocrx_word' id='word_1_246' title='bbox 1551 2555 1625 2598; x_wconf 92' lang='lat' dir='ltr'><strong>cum</strong></span> <span class='ocrx_word' id='word_1_247' title='bbox 1641 2531 1706 2598; x_wconf 83' lang='lat' dir='ltr'><strong>GH</strong></span> <span class='ocrx_word' id='word_1_248' title='bbox 1720 2533 1887 2620; x_wconf 83' lang='lat' dir='ltr'><strong>vulgatam</strong></span> <span class='ocrx_word' id='word_1_249' title='bbox 1899 2536 2012 2606; x_wconf 88' lang='lat' dir='ltr'><strong>lectio·</strong></span> 
     </span>
     <span class='ocr_line' id='line_1_18' title="bbox 363 2658 2013 2746; baseline 0.002 -17"><span class='ocrx_word' id='word_1_250' title='bbox 363 2686 438 2730; x_wconf 88' lang='lat' dir='ltr'><strong>nem</strong></span> <span class='ocrx_word' id='word_1_251' title='bbox 457 2672 580 2728; x_wconf 87' lang='lat' dir='ltr'><strong>tuetur:</strong></span> <span class='ocrx_word' id='word_1_252' title='bbox 603 2685 633 2726; x_wconf 93' lang='lat' dir='ltr'><strong>v.</strong></span> <span class='ocrx_word' id='word_1_253' title='bbox 649 2661 700 2727; x_wconf 88' lang='lat'><strong>33.</strong></span> <span class='ocrx_word' id='word_1_254' title='bbox 715 2661 809 2744; x_wconf 73' lang='grc' dir='ltr'><strong><em>μηδέν,</em></strong></span> <span class='ocrx_word' id='word_1_255' title='bbox 828 2684 858 2725; x_wconf 95' lang='lat' dir='ltr'><strong>v.</strong></span> <span class='ocrx_word' id='word_1_256' title='bbox 873 2661 924 2725; x_wconf 90' lang='grc'><strong>41.</strong></span> <span class='ocrx_word' id='word_1_257' title='bbox 943 2664 1009 2746; x_wconf 83' lang='grc' dir='ltr'><strong><em>βίας</em></strong></span> <span class='ocrx_word' id='word_1_258' title='bbox 1022 2665 1079 2725; x_wconf 81' lang='grc' dir='ltr'><strong><em>τῶν</em></strong></span> <span class='ocrx_word' id='word_1_259' title='bbox 1093 2661 1235 2744; x_wconf 84' lang='grc' dir='ltr'><strong><em>κυμάτων,</em></strong></span> <span class='ocrx_word' id='word_1_260' title='bbox 1255 2683 1285 2724; x_wconf 93' lang='lat' dir='ltr'><strong>v.</strong></span> <span class='ocrx_word' id='word_1_261' title='bbox 1301 2658 1330 2723; x_wconf 88' lang='grc'><strong>2.</strong></span> <span class='ocrx_word' id='word_1_262' title='bbox 1346 2671 1492 2745; x_wconf 80' lang='grc' dir='ltr'><strong><em>παρεῖχον,</em></strong></span> <span class='ocrx_word' id='word_1_263' title='bbox 1512 2683 1543 2725; x_wconf 89' lang='lat' dir='ltr'><strong>v.</strong></span> <span class='ocrx_word' id='word_1_264' title='bbox 1558 2659 1610 2726; x_wconf 85' lang='lat'><strong>35.</strong></span> <span class='ocrx_word' id='word_1_265' title='bbox 1625 2662 1719 2727; x_wconf 76' lang='grc' dir='ltr'><strong><em>εἰπών.</em></strong></span> <span class='ocrx_word' id='word_1_266' title='bbox 1763 2660 1872 2729; x_wconf 88' lang='lat' dir='ltr'><strong>Semel</strong></span> <span class='ocrx_word' id='word_1_267' title='bbox 1887 2674 2013 2732; x_wconf 91' lang='lat' dir='ltr'><strong>tantum</strong></span> 
     </span>
     <span class='ocr_line' id='line_1_19' title="bbox 366 2785 2012 2877; baseline 0.002 -20"><span class='ocrx_word' id='word_1_268' title='bbox 366 2815 438 2857; x_wconf 90' lang='lat' dir='ltr'><strong>cum</strong></span> <span class='ocrx_word' id='word_1_269' title='bbox 455 2791 592 2855; x_wconf 88' lang='lat' dir='ltr'><strong>minusc.</strong></span> <span class='ocrx_word' id='word_1_270' title='bbox 608 2788 703 2853; x_wconf 91' lang='lat' dir='ltr'><strong>codd.</strong></span> <span class='ocrx_word' id='word_1_271' title='bbox 720 2785 798 2852; x_wconf 89' lang='lat' dir='ltr'><strong>solis</strong></span> <span class='ocrx_word' id='word_1_272' title='bbox 815 2788 909 2870; x_wconf 85' lang='lat' dir='ltr'><strong>lacit,</strong></span> <span class='ocrx_word' id='word_1_273' title='bbox 927 2787 985 2853; x_wconf 91' lang='lat' dir='ltr'><strong>scd</strong></span> <span class='ocrx_word' id='word_1_274' title='bbox 1000 2786 1177 2852; x_wconf 77' lang='lat' dir='ltr'><strong>accedente</strong></span> <span class='ocrx_word' id='word_1_275' title='bbox 1193 2787 1290 2851; x_wconf 89' lang='lat' dir='ltr'><strong>etiam</strong></span> <span class='ocrx_word' id='word_1_276' title='bbox 1306 2786 1460 2853; x_wconf 87' lang='lat' dir='ltr'><strong>Sabidica</strong></span> <span class='ocrx_word' id='word_1_277' title='bbox 1477 2789 1630 2854; x_wconf 84' lang='lat' dir='ltr'><strong>versione</strong></span> <span class='ocrx_word' id='word_1_278' title='bbox 1649 2786 1800 2877; x_wconf 90' lang='lat' dir='ltr'><strong>aliisque:</strong></span> <span class='ocrx_word' id='word_1_279' title='bbox 1824 2814 1856 2856; x_wconf 87' lang='lat' dir='ltr'><strong>v.</strong></span> <span class='ocrx_word' id='word_1_280' title='bbox 1871 2793 1923 2857; x_wconf 87' lang='grc'><strong>29.</strong></span> <span class='ocrx_word' id='word_1_281' title='bbox 1938 2795 2012 2860; x_wconf 72' lang='grc' dir='ltr'><strong><em>ἐκπέ</em></strong></span> 
     </span>
     <span class='ocr_line' id='line_1_20' title="bbox 364 2911 2012 3004; baseline 0.001 -18"><span class='ocrx_word' id='word_1_282' title='bbox 364 2945 464 2995; x_wconf 67' lang='grc' dir='ltr'><strong><em>σωσιν,</em></strong></span> <span class='ocrx_word' id='word_1_283' title='bbox 477 2915 578 2982; x_wconf 90' lang='lat' dir='ltr'><strong>semel</strong></span> <span class='ocrx_word' id='word_1_284' title='bbox 594 2913 628 3002; x_wconf 91' lang='lat' dir='ltr'><strong>(i.</strong></span> <span class='ocrx_word' id='word_1_285' title='bbox 646 2939 673 2981; x_wconf 91' lang='lat' dir='ltr'><strong>c.</strong></span> <span class='ocrx_word' id='word_1_286' title='bbox 693 2938 724 2979; x_wconf 92' lang='lat' dir='ltr'><strong>v.</strong></span> <span class='ocrx_word' id='word_1_287' title='bbox 741 2911 807 3001; x_wconf 89' lang='grc'><strong>32.)</strong></span> <span class='ocrx_word' id='word_1_288' title='bbox 822 2913 946 2980; x_wconf 90' lang='lat' dir='ltr'><strong>nullum</strong></span> <span class='ocrx_word' id='word_1_289' title='bbox 961 2915 1087 2980; x_wconf 89' lang='lat' dir='ltr'><strong>socium</strong></span> <span class='ocrx_word' id='word_1_290' title='bbox 1102 2912 1201 2978; x_wconf 87' lang='lat' dir='ltr'><strong>habet</strong></span> <span class='ocrx_word' id='word_1_291' title='bbox 1216 2914 1367 2980; x_wconf 89' lang='lat' dir='ltr'><strong>omittens</strong></span> <span class='ocrx_word' id='word_1_292' title='bbox 1382 2916 1600 2999; x_wconf 78' lang='grc' dir='ltr'><strong><em>οἱοτρατιωτω,</em></strong></span> <span class='ocrx_word' id='word_1_293' title='bbox 1615 2914 1657 2980; x_wconf 92' lang='lat' dir='ltr'><strong>ab</strong></span> <span class='ocrx_word' id='word_1_294' title='bbox 1672 2914 1745 2981; x_wconf 88' lang='lat' dir='ltr'><strong>aliis</strong></span> <span class='ocrx_word' id='word_1_295' title='bbox 1761 2928 1836 2983; x_wconf 88' lang='lat' dir='ltr'><strong>ante</strong></span> <span class='ocrx_word' id='word_1_296' title='bbox 1851 2920 2012 3004; x_wconf 71' lang='grc' dir='ltr'><strong><em>ἀπόκοψον,</em></strong></span> 
     </span>
     <span class='ocr_line' id='line_1_21' title="bbox 364 3039 2011 3130; baseline 0.001 -19"><span class='ocrx_word' id='word_1_297' title='bbox 364 3046 405 3112; x_wconf 89' lang='lat' dir='ltr'><strong>ab</strong></span> <span class='ocrx_word' id='word_1_298' title='bbox 422 3044 493 3111; x_wconf 88' lang='lat' dir='ltr'><strong>aliis</strong></span> <span class='ocrx_word' id='word_1_299' title='bbox 513 3054 590 3130; x_wconf 89' lang='lat' dir='ltr'><strong>post</strong></span> <span class='ocrx_word' id='word_1_300' title='bbox 610 3045 762 3127; x_wconf 70' lang='grc' dir='ltr'><strong><em>ἀπελοψαν</em></strong></span> <span class='ocrx_word' id='word_1_301' title='bbox 781 3041 937 3107; x_wconf 88' lang='lat' dir='ltr'><strong>additum.</strong></span> <span class='ocrx_word' id='word_1_302' title='bbox 988 3040 1058 3106; x_wconf 90' lang='lat' dir='ltr'><strong>Nec</strong></span> <span class='ocrx_word' id='word_1_303' title='bbox 1076 3063 1151 3106; x_wconf 91' lang='lat' dir='ltr'><strong>raro</strong></span> <span class='ocrx_word' id='word_1_304' title='bbox 1173 3041 1210 3106; x_wconf 86' lang='lat' dir='ltr'><strong>fit</strong></span> <span class='ocrx_word' id='word_1_305' title='bbox 1231 3051 1267 3106; x_wconf 88' lang='lat' dir='ltr'><strong>ut</strong></span> <span class='ocrx_word' id='word_1_306' title='bbox 1289 3039 1378 3106; x_wconf 89' lang='lat' dir='ltr'><strong>solus</strong></span> <span class='ocrx_word' id='word_1_307' title='bbox 1400 3042 1485 3106; x_wconf 89' lang='lat' dir='ltr'><strong>inter</strong></span> <span class='ocrx_word' id='word_1_308' title='bbox 1507 3063 1620 3108; x_wconf 88' lang='lat' dir='ltr'><strong>omnes</strong></span> <span class='ocrx_word' id='word_1_309' title='bbox 1636 3043 1773 3110; x_wconf 89' lang='lat' dir='ltr'><strong>accedat</strong></span> <span class='ocrx_word' id='word_1_310' title='bbox 1787 3045 1831 3111; x_wconf 90' lang='lat' dir='ltr'><strong>ad</strong></span> <span class='ocrx_word' id='word_1_311' title='bbox 1844 3046 2011 3113; x_wconf 91' lang='lat' dir='ltr'><strong>codicisB</strong></span> 
     </span>
     <span class='ocr_line' id='line_1_22' title="bbox 362 3165 2016 3253; baseline 0.002 -14"><span class='ocrx_word' id='word_1_312' title='bbox 362 3172 586 3239; x_wconf 88' lang='lat' dir='ltr'><strong>testimonium</strong></span> <span class='ocrx_word' id='word_1_313' title='bbox 604 3168 656 3235; x_wconf 92' lang='lat' dir='ltr'><strong>vel</strong></span> <span class='ocrx_word' id='word_1_314' title='bbox 676 3169 799 3235; x_wconf 89' lang='lat' dir='ltr'><strong>codicis</strong></span> <span class='ocrx_word' id='word_1_315' title='bbox 813 3167 845 3234; x_wconf 82' lang='lat' dir='ltr'>A</span> <span class='ocrx_word' id='word_1_316' title='bbox 859 3167 911 3234; x_wconf 89' lang='lat' dir='ltr'><strong>vel</strong></span> <span class='ocrx_word' id='word_1_317' title='bbox 927 3168 1050 3234; x_wconf 89' lang='lat' dir='ltr'><strong>codicis</strong></span> <span class='ocrx_word' id='word_1_318' title='bbox 1068 3166 1110 3252; x_wconf 81' lang='grc' dir='ltr'><strong>Ο,</strong></span> <span class='ocrx_word' id='word_1_319' title='bbox 1132 3165 1627 3253; x_wconf 55' lang='lat' dir='ltr'><strong>anteambulonem&amp;</strong></span> <span class='ocrx_word' id='word_1_320' title='bbox 1652 3170 1701 3253; x_wconf 91' lang='grc'><strong>13,</strong></span> <span class='ocrx_word' id='word_1_321' title='bbox 1718 3171 1767 3236; x_wconf 91' lang='grc'><strong>19.</strong></span> <span class='ocrx_word' id='word_1_322' title='bbox 1789 3173 1946 3239; x_wconf 90' lang='lat' dir='ltr'><strong>omissum</strong></span> <span class='ocrx_word' id='word_1_323' title='bbox 1964 3180 2016 3242; x_wconf 80' lang='grc' dir='ltr'><strong><em>καί</em></strong></span> 
     </span>
     <span class='ocr_line' id='line_1_23' title="bbox 363 3293 2011 3385; baseline 0 -20"><span class='ocrx_word' id='word_1_324' title='bbox 363 3303 494 3365; x_wconf 89' lang='lat' dir='ltr'><strong>ineunte</strong></span> <span class='ocrx_word' id='word_1_325' title='bbox 510 3320 607 3363; x_wconf 88' lang='lat' dir='ltr'><strong>versu</strong></span> <span class='ocrx_word' id='word_1_326' title='bbox 623 3297 747 3380; x_wconf 80' lang='lat' dir='ltr'><strong>cumB3</strong></span> <span class='ocrx_word' id='word_1_327' title='bbox 765 3297 814 3380; x_wconf 87' lang='lat'><strong>13,</strong></span> <span class='ocrx_word' id='word_1_328' title='bbox 830 3296 880 3362; x_wconf 91' lang='grc'><strong>20.</strong></span> <span class='ocrx_word' id='word_1_329' title='bbox 896 3295 1031 3381; x_wconf 66' lang='grc' dir='ltr'><strong><em>Σαμουὴλ</em></strong></span> <span class='ocrx_word' id='word_1_330' title='bbox 1044 3296 1187 3381; x_wconf 68' lang='grc' dir='ltr'><strong><em>προφήτου</em></strong></span> <span class='ocrx_word' id='word_1_331' title='bbox 1201 3318 1276 3361; x_wconf 89' lang='lat' dir='ltr'><strong>curn</strong></span> <span class='ocrx_word' id='word_1_332' title='bbox 1289 3294 1334 3379; x_wconf 71' lang='lat' dir='ltr'><strong>B,</strong></span> <span class='ocrx_word' id='word_1_333' title='bbox 1349 3293 1401 3379; x_wconf 87' lang='grc'><strong>28,</strong></span> <span class='ocrx_word' id='word_1_334' title='bbox 1411 3295 1441 3360; x_wconf 90' lang='grc'><strong>6.</strong></span> <span class='ocrx_word' id='word_1_335' title='bbox 1457 3295 1542 3362; x_wconf 72' lang='grc' dir='ltr'><strong><em>αὐτὸν</em></strong></span> <span class='ocrx_word' id='word_1_336' title='bbox 1556 3297 1625 3362; x_wconf 74' lang='grc' dir='ltr'><strong><em>εἶναι</em></strong></span> <span class='ocrx_word' id='word_1_337' title='bbox 1636 3299 1706 3364; x_wconf 73' lang='grc' dir='ltr'><strong><em>θοόν</em></strong></span> <span class='ocrx_word' id='word_1_338' title='bbox 1725 3299 1853 3383; x_wconf 73' lang='grc' dir='ltr'><strong><em>οωαΒ,</em></strong></span> <span class='ocrx_word' id='word_1_339' title='bbox 1869 3308 1905 3366; x_wconf 91' lang='lat' dir='ltr'><strong>ut</strong></span> <span class='ocrx_word' id='word_1_340' title='bbox 1920 3302 1970 3385; x_wconf 92' lang='grc'><strong>11,</strong></span> <span class='ocrx_word' id='word_1_341' title='bbox 1981 3305 2011 3368; x_wconf 93' lang='grc'><strong>5.</strong></span> 
     </span>
     <span class='ocr_line' id='line_1_24' title="bbox 363 3421 2013 3513; baseline 0.001 -19"><span class='ocrx_word' id='word_1_342' title='bbox 363 3429 542 3512; x_wconf 85' lang='grc' dir='ltr'><strong><em>καταβαίνων</em></strong></span> <span class='ocrx_word' id='word_1_343' title='bbox 556 3446 630 3489; x_wconf 90' lang='lat' dir='ltr'><strong>cum</strong></span> <span class='ocrx_word' id='word_1_344' title='bbox 644 3424 690 3508; x_wconf 71' lang='grc' dir='ltr'><strong>Α,</strong></span> <span class='ocrx_word' id='word_1_345' title='bbox 711 3426 764 3508; x_wconf 90' lang='grc'><strong>14,</strong></span> <span class='ocrx_word' id='word_1_346' title='bbox 783 3423 834 3488; x_wconf 80' lang='grc'><strong>25.</strong></span> <span class='ocrx_word' id='word_1_347' title='bbox 857 3426 953 3507; x_wconf 63' lang='grc' dir='ltr'><strong><em>λαλνξσ.</em></strong></span> <span class='ocrx_word' id='word_1_348' title='bbox 973 3425 1012 3498; x_wconf 76' lang='grc' dir='ltr'><strong>είς</strong></span> <span class='ocrx_word' id='word_1_349' title='bbox 1027 3424 1076 3508; x_wconf 71' lang='grc' dir='ltr'><strong><em>τὴν</em></strong></span> <span class='ocrx_word' id='word_1_350' title='bbox 1091 3425 1203 3508; x_wconf 75' lang='grc' dir='ltr'><strong><em>Πέργην</em></strong></span> <span class='ocrx_word' id='word_1_351' title='bbox 1224 3444 1299 3487; x_wconf 88' lang='lat' dir='ltr'><strong>eum</strong></span> <span class='ocrx_word' id='word_1_352' title='bbox 1316 3421 1363 3505; x_wconf 72' lang='grc' dir='ltr'><strong>Α,</strong></span> <span class='ocrx_word' id='word_1_353' title='bbox 1384 3423 1439 3505; x_wconf 93' lang='grc'><strong>17,</strong></span> <span class='ocrx_word' id='word_1_354' title='bbox 1460 3423 1509 3487; x_wconf 89' lang='grc'><strong>10.</strong></span> <span class='ocrx_word' id='word_1_355' title='bbox 1525 3423 1648 3489; x_wconf 90' lang='lat' dir='ltr'><strong>omissa</strong></span> <span class='ocrx_word' id='word_1_356' title='bbox 1661 3426 1769 3501; x_wconf 73' lang='grc' dir='ltr'><strong><em>εὐθέως</em></strong></span> <span class='ocrx_word' id='word_1_357' title='bbox 1782 3427 1828 3493; x_wconf 74' lang='lat' dir='ltr'><strong>dul</strong></span> <span class='ocrx_word' id='word_1_358' title='bbox 1847 3433 1898 3513; x_wconf 81' lang='grc' dir='ltr'><strong><em>τῆς</em></strong></span> <span class='ocrx_word' id='word_1_359' title='bbox 1915 3431 2013 3504; x_wconf 80' lang='grc' dir='ltr'><strong><em>νυκτός</em></strong></span> 
     </span>
     <span class='ocr_line' id='line_1_25' title="bbox 363 3547 2013 3637; baseline 0.002 -17"><span class='ocrx_word' id='word_1_360' title='bbox 363 3578 437 3620; x_wconf 86' lang='lat' dir='ltr'><strong>curn</strong></span> <span class='ocrx_word' id='word_1_361' title='bbox 451 3552 497 3637; x_wconf 83' lang='lat' dir='ltr'><strong>A;</strong></span> <span class='ocrx_word' id='word_1_362' title='bbox 520 3563 555 3618; x_wconf 90' lang='lat' dir='ltr'><strong>ut</strong></span> <span class='ocrx_word' id='word_1_363' title='bbox 575 3553 625 3635; x_wconf 88' lang='lat'><strong>13,</strong></span> <span class='ocrx_word' id='word_1_364' title='bbox 643 3552 691 3616; x_wconf 91' lang='lat' dir='ltr'><strong>ll.</strong></span> <span class='ocrx_word' id='word_1_365' title='bbox 710 3578 833 3636; x_wconf 81' lang='grc' dir='ltr'><strong><em>παραχρ.</em></strong></span> <span class='ocrx_word' id='word_1_366' title='bbox 852 3579 882 3617; x_wconf 82' lang='grc' dir='ltr'><strong><em>τε</em></strong></span> <span class='ocrx_word' id='word_1_367' title='bbox 901 3573 974 3616; x_wconf 90' lang='lat' dir='ltr'><strong>cum</strong></span> <span class='ocrx_word' id='word_1_368' title='bbox 992 3547 1035 3634; x_wconf 64' lang='grc' dir='ltr'><strong>ὓς</strong></span> <span class='ocrx_word' id='word_1_369' title='bbox 1051 3549 1101 3633; x_wconf 89' lang='grc'><strong>16,</strong></span> <span class='ocrx_word' id='word_1_370' title='bbox 1116 3549 1168 3613; x_wconf 89' lang='grc'><strong>36.</strong></span> <span class='ocrx_word' id='word_1_371' title='bbox 1183 3549 1349 3617; x_wconf 59' lang='lat' dir='ltr'><strong>anessa.</strong></span> <span class='ocrx_word' id='word_1_372' title='bbox 1363 3570 1438 3614; x_wconf 91' lang='lat' dir='ltr'><strong>cum</strong></span> <span class='ocrx_word' id='word_1_373' title='bbox 1453 3549 1491 3615; x_wconf 87' lang='lat' dir='ltr'><strong>C.</strong></span> <span class='ocrx_word' id='word_1_374' title='bbox 1535 3549 1587 3616; x_wconf 90' lang='lat' dir='ltr'><strong>Ita</strong></span> <span class='ocrx_word' id='word_1_375' title='bbox 1601 3551 1698 3617; x_wconf 85' lang='lat' dir='ltr'><strong>etiam</strong></span> <span class='ocrx_word' id='word_1_376' title='bbox 1714 3575 1789 3618; x_wconf 89' lang='lat' dir='ltr'><strong>eum</strong></span> <span class='ocrx_word' id='word_1_377' title='bbox 1803 3553 1873 3621; x_wconf 91' lang='lat' dir='ltr'><strong>solo</strong></span> <span class='ocrx_word' id='word_1_378' title='bbox 1888 3554 1918 3619; x_wconf 84' lang='grc' dir='ltr'>Ε</span> <span class='ocrx_word' id='word_1_379' title='bbox 1933 3556 2013 3623; x_wconf 90' lang='lat' dir='ltr'><strong>facit</strong></span> 
     </span>
     <span class='ocr_line' id='line_1_26' title="bbox 364 3677 2012 3765; baseline 0.002 -19"><span class='ocrx_word' id='word_1_380' title='bbox 364 3683 413 3764; x_wconf 79' lang='grc'><strong>17,</strong></span> <span class='ocrx_word' id='word_1_381' title='bbox 438 3682 486 3745; x_wconf 93' lang='grc'><strong>19.</strong></span> <span class='ocrx_word' id='word_1_382' title='bbox 508 3682 642 3765; x_wconf 54' lang='grc' dir='ltr'><strong><em>λεγομένη.</em></strong></span> <span class='ocrx_word' id='word_1_383' title='bbox 695 3677 769 3758; x_wconf 79' lang='lat' dir='ltr'><strong>Quo</strong></span> <span class='ocrx_word' id='word_1_384' title='bbox 796 3689 904 3744; x_wconf 90' lang='lat' dir='ltr'><strong>autem</strong></span> <span class='ocrx_word' id='word_1_385' title='bbox 930 3678 1087 3764; x_wconf 88' lang='lat' dir='ltr'><strong>pauciora</strong></span> <span class='ocrx_word' id='word_1_386' title='bbox 1112 3699 1258 3742; x_wconf 89' lang='lat' dir='ltr'><strong>summae</strong></span> <span class='ocrx_word' id='word_1_387' title='bbox 1280 3677 1479 3763; x_wconf 84' lang='lat' dir='ltr'><strong>antiquitatis</strong></span> <span class='ocrx_word' id='word_1_388' title='bbox 1503 3689 1713 3744; x_wconf 89' lang='lat' dir='ltr'><strong>monumenta</strong></span> <span class='ocrx_word' id='word_1_389' title='bbox 1733 3689 1859 3747; x_wconf 87' lang='lat' dir='ltr'><strong>textum</strong></span> <span class='ocrx_word' id='word_1_390' title='bbox 1880 3694 2012 3751; x_wconf 90' lang='lat' dir='ltr'><strong>actuum</strong></span> 
     </span>
     <span class='ocr_line' id='line_1_27' title="bbox 363 3801 2011 3896; baseline 0.002 -22"><span class='ocrx_word' id='word_1_391' title='bbox 363 3815 607 3889; x_wconf 84' lang='lat' dir='ltr'><strong>conservarunt,</strong></span> <span class='ocrx_word' id='word_1_392' title='bbox 631 3829 669 3871; x_wconf 93' lang='lat' dir='ltr'><strong>co</strong></span> <span class='ocrx_word' id='word_1_393' title='bbox 684 3805 787 3893; x_wconf 89' lang='lat' dir='ltr'><strong>pluris</strong></span> <span class='ocrx_word' id='word_1_394' title='bbox 803 3805 909 3871; x_wconf 89' lang='lat' dir='ltr'><strong>codex</strong></span> <span class='ocrx_word' id='word_1_395' title='bbox 922 3814 1035 3871; x_wconf 89' lang='lat' dir='ltr'><strong>noster</strong></span> <span class='ocrx_word' id='word_1_396' title='bbox 1049 3802 1270 3870; x_wconf 89' lang='lat' dir='ltr'><strong>aestimandus</strong></span> <span class='ocrx_word' id='word_1_397' title='bbox 1286 3813 1351 3886; x_wconf 77' lang='lat' dir='ltr'><strong>est3</strong></span> <span class='ocrx_word' id='word_1_398' title='bbox 1374 3801 1462 3869; x_wconf 90' lang='lat' dir='ltr'><strong>haud</strong></span> <span class='ocrx_word' id='word_1_399' title='bbox 1477 3804 1575 3871; x_wconf 91' lang='lat' dir='ltr'><strong>dubie</strong></span> <span class='ocrx_word' id='word_1_400' title='bbox 1590 3807 1677 3872; x_wconf 92' lang='lat' dir='ltr'><strong>enim</strong></span> <span class='ocrx_word' id='word_1_401' title='bbox 1691 3808 1908 3896; x_wconf 85' lang='lat' dir='ltr'><strong>antiquissimi</strong></span> <span class='ocrx_word' id='word_1_402' title='bbox 1923 3811 2011 3879; x_wconf 88' lang='lat' dir='ltr'><strong>codi-</strong></span> 
     </span>
    </p>
   </div>
   <div class='ocr_carea' id='block_1_5' title="bbox 363 3930 1126 4020">
    <p class='ocr_par' dir='ltr' id='par_1_5' title="bbox 363 3930 1126 4020">
     <span class='ocr_line' id='line_1_28' title="bbox 363 3930 1126 4020; baseline -0.007 -19"><span class='ocrx_word' id='word_1_403' title='bbox 363 3939 410 4002; x_wconf 87' lang='lat' dir='ltr'><strong>cis</strong></span> <span class='ocrx_word' id='word_1_404' title='bbox 426 3934 573 4018; x_wconf 87' lang='lat' dir='ltr'><strong>uncialis,</strong></span> <span class='ocrx_word' id='word_1_405' title='bbox 589 3935 643 4020; x_wconf 89' lang='lat' dir='ltr'><strong>qui</strong></span> <span class='ocrx_word' id='word_1_406' title='bbox 658 3934 729 4020; x_wconf 90' lang='lat' dir='ltr'><strong>ipse</strong></span> <span class='ocrx_word' id='word_1_407' title='bbox 744 3934 850 4020; x_wconf 88' lang='lat' dir='ltr'><strong>periit,</strong></span> <span class='ocrx_word' id='word_1_408' title='bbox 867 3930 1053 4019; x_wconf 86' lang='lat' dir='ltr'><strong>exemplum</strong></span> <span class='ocrx_word' id='word_1_409' title='bbox 1068 3943 1126 3997; x_wconf 90' lang='lat' dir='ltr'><strong>est.</strong></span> 
     </span>
    </p>
   </div>
   <div class='ocr_carea' id='block_1_6' title="bbox 1125 4305 1243 4387">
    <p class='ocr_par' dir='ltr' id='par_1_6' title="bbox 1125 4305 1243 4387">
     <span class='ocr_line' id='line_1_29' title="bbox 1125 4305 1243 4387; baseline 0 -1"><span class='ocrx_word' id='word_1_410' title='bbox 1125 4305 1243 4387; x_wconf 80' lang='lat' dir='ltr'><strong>vill.</strong></span> 
     </span>
    </p>
   </div>
   <div class='ocr_carea' id='block_1_7' title="bbox 360 4560 2012 5161">
    <p class='ocr_par' dir='ltr' id='par_1_7' title="bbox 360 4560 2012 5161">
     <span class='ocr_line' id='line_1_30' title="bbox 467 4560 2012 4654; baseline 0.004 -26"><span class='ocrx_word' id='word_1_411' title='bbox 467 4561 562 4628; x_wconf 85' lang='lat' dir='ltr'><strong>Folia</strong></span> <span class='ocrx_word' id='word_1_412' title='bbox 588 4561 836 4628; x_wconf 88' lang='lat' dir='ltr'><strong>membranacea</strong></span> <span class='ocrx_word' id='word_1_413' title='bbox 854 4560 1107 4649; x_wconf 87' lang='lat' dir='ltr'><strong>palimpsesta</strong></span> <span class='ocrx_word' id='word_1_414' title='bbox 1130 4583 1189 4627; x_wconf 85' lang='lat' dir='ltr'><strong>sex</strong></span> <span class='ocrx_word' id='word_1_415' title='bbox 1210 4562 1244 4626; x_wconf 89' lang='lat' dir='ltr'><strong>in</strong></span> <span class='ocrx_word' id='word_1_416' title='bbox 1269 4563 1310 4626; x_wconf 78' lang='grc' dir='ltr'><strong>4ο</strong></span> <span class='ocrx_word' id='word_1_417' title='bbox 1332 4584 1405 4627; x_wconf 89' lang='lat' dir='ltr'><strong>cum</strong></span> <span class='ocrx_word' id='word_1_418' title='bbox 1429 4562 1620 4648; x_wconf 83' lang='lat' dir='ltr'><strong>fragmentis</strong></span> <span class='ocrx_word' id='word_1_419' title='bbox 1645 4561 1808 4630; x_wconf 88' lang='lat' dir='ltr'><strong>Graecis</strong></span> <span class='ocrx_word' id='word_1_420' title='bbox 1832 4567 2012 4654; x_wconf 88' lang='lat' dir='ltr'><strong>prophetae</strong></span> 
     </span>
     <span class='ocr_line' id='line_1_31' title="bbox 360 4688 2011 4778; baseline 0.002 -22"><span class='ocrx_word' id='word_1_421' title='bbox 360 4691 502 4775; x_wconf 85' lang='lat' dir='ltr'><strong>desaiac,</strong></span> <span class='ocrx_word' id='word_1_422' title='bbox 523 4690 645 4756; x_wconf 88' lang='lat' dir='ltr'><strong>sacculi</strong></span> <span class='ocrx_word' id='word_1_423' title='bbox 665 4690 733 4755; x_wconf 85' lang='lat' dir='ltr'><strong>fere</strong></span> <span class='ocrx_word' id='word_1_424' title='bbox 752 4690 891 4776; x_wconf 83' lang='lat' dir='ltr'><strong>septimi.</strong></span> <span class='ocrx_word' id='word_1_425' title='bbox 936 4688 1090 4755; x_wconf 87' lang='lat' dir='ltr'><strong>Uneiales</strong></span> <span class='ocrx_word' id='word_1_426' title='bbox 1109 4689 1249 4773; x_wconf 87' lang='lat' dir='ltr'><strong>litterae,</strong></span> <span class='ocrx_word' id='word_1_427' title='bbox 1270 4688 1387 4776; x_wconf 89' lang='lat' dir='ltr'><strong>quibus</strong></span> <span class='ocrx_word' id='word_1_428' title='bbox 1407 4693 1529 4777; x_wconf 88' lang='lat' dir='ltr'><strong>scripta</strong></span> <span class='ocrx_word' id='word_1_429' title='bbox 1550 4700 1633 4773; x_wconf 84' lang='lat' dir='ltr'><strong>sunt,</strong></span> <span class='ocrx_word' id='word_1_430' title='bbox 1653 4691 1748 4758; x_wconf 90' lang='lat' dir='ltr'><strong>firma</strong></span> <span class='ocrx_word' id='word_1_431' title='bbox 1765 4716 1864 4758; x_wconf 92' lang='lat' dir='ltr'><strong>manu</strong></span> <span class='ocrx_word' id='word_1_432' title='bbox 1884 4693 2011 4778; x_wconf 86' lang='lat' dir='ltr'><strong>ductae,</strong></span> 
     </span>
     <span class='ocr_line' id='line_1_32' title="bbox 361 4814 2012 4907; baseline 0.002 -23"><span class='ocrx_word' id='word_1_433' title='bbox 361 4828 534 4905; x_wconf 89' lang='lat' dir='ltr'><strong>vergentes</strong></span> <span class='ocrx_word' id='word_1_434' title='bbox 555 4816 734 4906; x_wconf 89' lang='lat' dir='ltr'><strong>paullulum</strong></span> <span class='ocrx_word' id='word_1_435' title='bbox 753 4816 796 4882; x_wconf 90' lang='lat' dir='ltr'><strong>ad</strong></span> <span class='ocrx_word' id='word_1_436' title='bbox 813 4815 898 4882; x_wconf 86' lang='lat' dir='ltr'><strong>latus</strong></span> <span class='ocrx_word' id='word_1_437' title='bbox 921 4826 953 4881; x_wconf 89' lang='lat' dir='ltr'><strong>et</strong></span> <span class='ocrx_word' id='word_1_438' title='bbox 973 4814 1142 4902; x_wconf 85' lang='lat' dir='ltr'><strong>oblongae,</strong></span> <span class='ocrx_word' id='word_1_439' title='bbox 1157 4815 1254 4882; x_wconf 83' lang='lat' dir='ltr'><strong>nullis</strong></span> <span class='ocrx_word' id='word_1_440' title='bbox 1274 4826 1404 4882; x_wconf 89' lang='lat' dir='ltr'><strong>notatae</strong></span> <span class='ocrx_word' id='word_1_441' title='bbox 1423 4817 1622 4884; x_wconf 88' lang='lat' dir='ltr'><strong>accentibus.</strong></span> <span class='ocrx_word' id='word_1_442' title='bbox 1668 4818 1815 4886; x_wconf 86' lang='lat' dir='ltr'><strong>Graecae</strong></span> <span class='ocrx_word' id='word_1_443' title='bbox 1831 4822 2012 4907; x_wconf 88' lang='lat' dir='ltr'><strong>scripturae</strong></span> 
     </span>
     <span class='ocr_line' id='line_1_33' title="bbox 362 4942 2010 5034; baseline 0.001 -23"><span class='ocrx_word' id='word_1_444' title='bbox 362 4947 615 5033; x_wconf 86' lang='lat' dir='ltr'><strong>superimposita</strong></span> <span class='ocrx_word' id='word_1_445' title='bbox 637 4954 688 5010; x_wconf 89' lang='lat' dir='ltr'><strong>est</strong></span> <span class='ocrx_word' id='word_1_446' title='bbox 709 4944 914 5010; x_wconf 87' lang='lat' dir='ltr'><strong>Armeniaca.</strong></span> <span class='ocrx_word' id='word_1_447' title='bbox 967 4942 1095 5010; x_wconf 84' lang='lat' dir='ltr'><strong>Graeca</strong></span> <span class='ocrx_word' id='word_1_448' title='bbox 1115 4944 1271 5032; x_wconf 89' lang='lat' dir='ltr'><strong>pleraque</strong></span> <span class='ocrx_word' id='word_1_449' title='bbox 1292 4943 1379 5010; x_wconf 91' lang='lat' dir='ltr'><strong>lectu</strong></span> <span class='ocrx_word' id='word_1_450' title='bbox 1402 4944 1591 5012; x_wconf 89' lang='lat' dir='ltr'><strong>difficillima</strong></span> <span class='ocrx_word' id='word_1_451' title='bbox 1613 4957 1703 5032; x_wconf 71' lang='lat' dir='ltr'><strong>sunt,</strong></span> <span class='ocrx_word' id='word_1_452' title='bbox 1733 4958 1842 5013; x_wconf 90' lang='lat' dir='ltr'><strong>tamen</strong></span> <span class='ocrx_word' id='word_1_453' title='bbox 1864 4950 2010 5034; x_wconf 87' lang='lat' dir='ltr'><strong>exceptis</strong></span> 
     </span>
     <span class='ocr_line' id='line_1_34' title="bbox 362 5069 2010 5161; baseline -0.001 -22"><span class='ocrx_word' id='word_1_454' title='bbox 362 5072 568 5161; x_wconf 88' lang='lat' dir='ltr'><strong>paucissimis</strong></span> <span class='ocrx_word' id='word_1_455' title='bbox 586 5072 651 5139; x_wconf 87' lang='lat' dir='ltr'><strong>iam</strong></span> <span class='ocrx_word' id='word_1_456' title='bbox 670 5071 736 5158; x_wconf 89' lang='lat' dir='ltr'><strong>legi</strong></span> <span class='ocrx_word' id='word_1_457' title='bbox 755 5080 787 5137; x_wconf 91' lang='lat' dir='ltr'><strong>et</strong></span> <span class='ocrx_word' id='word_1_458' title='bbox 807 5070 925 5138; x_wconf 92' lang='lat' dir='ltr'><strong>edendi</strong></span> <span class='ocrx_word' id='word_1_459' title='bbox 943 5094 1062 5137; x_wconf 90' lang='lat' dir='ltr'><strong>caussa</strong></span> <span class='ocrx_word' id='word_1_460' title='bbox 1080 5071 1298 5159; x_wconf 87' lang='lat' dir='ltr'><strong>transscripsi.</strong></span> <span class='ocrx_word' id='word_1_461' title='bbox 1347 5069 1430 5138; x_wconf 88' lang='lat' dir='ltr'><strong>Sunt</strong></span> <span class='ocrx_word' id='word_1_462' title='bbox 1447 5083 1556 5141; x_wconf 87' lang='lat' dir='ltr'><strong>autem</strong></span> <span class='ocrx_word' id='word_1_463' title='bbox 1571 5074 1754 5161; x_wconf 85' lang='lat' dir='ltr'><strong>fragmenta</strong></span> <span class='ocrx_word' id='word_1_464' title='bbox 1767 5073 1899 5140; x_wconf 81' lang='lat' dir='ltr'><strong>Jcsaiae</strong></span> <span class='ocrx_word' id='word_1_465' title='bbox 1914 5073 2010 5139; x_wconf 83' lang='lat' dir='ltr'><strong>hacc:</strong></span> 
     </span>
    </p>
   </div>
   <div class='ocr_carea' id='block_1_8' title="bbox 361 5197 2011 5288">
    <p class='ocr_par' dir='ltr' id='par_1_8' title="bbox 361 5197 2011 5288">
     <span class='ocr_line' id='line_1_35' title="bbox 361 5197 2011 5288; baseline 0.002 -23"><span class='ocrx_word' id='word_1_466' title='bbox 361 5203 391 5284; x_wconf 89' lang='grc'><strong>3,</strong></span> <span class='ocrx_word' id='word_1_467' title='bbox 407 5201 521 5266; x_wconf 80' lang='lat' dir='ltr'><strong>s-14.</strong></span> <span class='ocrx_word' id='word_1_468' title='bbox 544 5201 574 5284; x_wconf 85' lang='lat'><strong>5,</strong></span> <span class='ocrx_word' id='word_1_469' title='bbox 589 5199 683 5264; x_wconf 85' lang='grc'><strong>2-7.</strong></span> <span class='ocrx_word' id='word_1_470' title='bbox 700 5200 812 5264; x_wconf 87' lang='grc'><strong>7-11.</strong></span> <span class='ocrx_word' id='word_1_471' title='bbox 837 5199 1039 5282; x_wconf 87' lang='grc'><strong>29,11-16.</strong></span> <span class='ocrx_word' id='word_1_472' title='bbox 1065 5197 1198 5264; x_wconf 90' lang='grc'><strong>16-23.</strong></span> <span class='ocrx_word' id='word_1_473' title='bbox 1221 5198 1274 5282; x_wconf 86' lang='grc'><strong>44,</strong></span> <span class='ocrx_word' id='word_1_474' title='bbox 1293 5197 1430 5282; x_wconf 86' lang='grc'><strong>27-45,</strong></span> <span class='ocrx_word' id='word_1_475' title='bbox 1450 5198 1480 5265; x_wconf 89' lang='grc'><strong>5.</strong></span> <span class='ocrx_word' id='word_1_476' title='bbox 1532 5200 1684 5288; x_wconf 79' lang='lat' dir='ltr'><strong>Quinque</strong></span> <span class='ocrx_word' id='word_1_477' title='bbox 1708 5201 1857 5269; x_wconf 86' lang='lat' dir='ltr'><strong>codicum</strong></span> <span class='ocrx_word' id='word_1_478' title='bbox 1878 5200 2011 5268; x_wconf 87' lang='lat' dir='ltr'><strong>Jcsaiac</strong></span> 
     </span>
    </p>
   </div>
   <div class='ocr_carea' id='block_1_9' title="bbox 0 0 2382 6194">
    <p class='ocr_par' dir='ltr' id='par_1_9' title="bbox 0 0 2382 6194">
     <span class='ocr_line' id='line_1_36' title="bbox 0 0 2382 6194; baseline 0 1"><span class='ocrx_word' id='word_1_479' title='bbox 0 0 2382 6194; x_wconf 95' lang='lat' dir='ltr'><strong> </strong></span> 
     </span>
    </p>
   </div>
  </div>
 </body>
</html>
