4756 6194
489 403 533 468 46

492 608 543 682 κός
566 609 746 691 ἀνακινηθείη
768 607 857 691 λόγος,
878 606 915 690 μὴ
935 603 1027 681 ἄλλως
1045 611 1144 672 τοῦτον
1158 606 1279 688 ε’·ρμηνευ

495 738 603 802 έτωσαν
629 732 645 818 ἢ
667 734 707 808 ῶς
727 733 764 799 ἀν
785 735 811 800 οἱ
833 739 882 818 τῆς
903 735 1047 817 ἐκκλησίας
1068 739 1213 817 φωστῆρες
1233 729 1281 797 καί

495 863 656 929 διδάσκαλοι
681 861 727 927 διά
748 867 806 927 τῶν
826 863 933 927 οἰκείων
955 862 1177 946 συγγραμμάτων
1198 860 1281 944 παρέ·

495 1000 591 1065 θεντο,
620 986 668 1054 καὶ
695 994 801 1072 μᾶλλον
829 990 857 1053 έν
882 989 989 1063 τούτοις
1015 984 1280 1072 εόδοιιιμεάωσανῆ

495 1118 592 1202 λόγους
618 1117 732 1190 οἰκείους
758 1117 970 1191 συντάττοντες,
999 1116 1071 1182 ἔστιν
1096 1113 1143 1184 ὅτε
1169 1115 1285 1199 ἀπόρως

484 1247 604 1331 ίχοντες
621 1243 692 1327 πρὸς
710 1248 801 1319 τοῦτο,
827 1244 1011 1311 ἀποπάττοιεν
1024 1247 1074 1310 τοῦ
1088 1242 1283 1329 προσήκοντος.

496 1374 543 1439 διά
558 1372 612 1457 γὰρ
625 1377 675 1455 της
688 1377 744 1436 τῶν
752 1370 953 1454 προειρημένων
964 1374 1093 1453 πατέρων
1103 1371 1285 1443 διδασκαλίας

497 1503 524 1566 οί
545 1497 609 1565 λαοί
627 1499 656 1564 έν
675 1499 771 1583 γνώσει
791 1497 922 1582 γινόμενοι
942 1503 999 1562 τῶν
1017 1524 1048 1563 τε
1062 1501 1223 1564 σπουδαιόνν
1236 1494 1285 1563 καί

499 1631 616 1713 αἰρετῶν
638 1624 685 1692 καί
705 1631 761 1691 τῶν
784 1623 953 1708 ἀσυμφόρων
979 1623 1027 1690 καί
1049 1623 1215 1711 ἀποβῖνίτων
1235 1625 1284 1692 τόν

497 1759 558 1842 βιόν
578 1754 830 1839 μεταρρυθμίζουσι
853 1752 923 1835 πρὸς
939 1751 973 1819 τό
991 1753 1098 1838 βέλτιον
1116 1750 1164 1819 καί
1181 1759 1222 1834 τῶ
1236 1757 1285 1836 τῆς

499 1885 614 1968 ἀγνοίας
632 1881 681 1965 ούχ
700 1879 861 1946 ἀλισκονται
878 1875 982 1953 πόθεν,
1007 1880 1081 1945 ἀλλά
1103 1883 1285 1964 προσέχοντες

498 2018 532 2094 τῇ
555 2009 721 2092 διδασκαλίᾳ
738 2005 853 2080 ἑαυτοὺς
870 2004 942 2089 πρός
958 2007 991 2073 τό
1010 2007 1046 2091 μη
1066 2013 1160 2081 κακῶς
1178 2017 1285 2072 παθεῖν

499 2136 707 2222 παραθήγουσι,
732 2131 780 2201 καί
807 2132 887 2219 φόβῳ
910 2140 967 2198 τῶν
992 2135 1182 2218 ἕπηρτημελ·ων
1205 2164 1284 2218 τιμον

498 2273 565 2349 ριῶν
579 2263 628 2349 τίμ
643 2263 782 2346 σωτηρίαν
796 2262 890 2334 αύτοῖς
905 2261 1104 2346 ἐξεργάζονται.

564 2392 650 2459 Μετά
671 2392 761 2473 με’ντοι
780 2389 831 2472 την
851 2389 1007 2473 ἀνάγνωσιν
1025 2395 1082 2454 τῶν
1098 2390 1191 2455 αὐτῶν
1205 2392 1284 2474 ἱερῶν

498 2518 546 2586 καί
561 2521 648 2586 θείων
669 2516 794 2583 κανόνων
812 2519 1057 2599 προεκομίσθησαν
1075 2515 1120 2582 ε’πί
1139 2524 1188 2584 τοῦ
1201 2521 1285 2601 μέσον

499 2648 536 2723 ἀς
550 2647 565 2714 ό
580 2645 726 2729 Βαρλαάμ
740 2643 863 2727 φθάσας
881 2643 1030 2727 ε’ποιησατο
1048 2644 1196 2728 ἀναφοράς
1209 2647 1286 2713 κατά

499 2781 556 2843 τῶν
583 2777 721 2858 μοναχῶν.
745 2768 793 2835 καί
819 2770 1056 2854 ἀναγνωσθεισῶν
1078 2772 1285 2839 τῶντοιούτων

501 2901 654 2986 ἀναφορῶν·
682 2894 843 2982 προετράπη
872 2895 888 2962 ό
918 2896 1083 2982 διαληφθείς
1108 2896 1285 2985 ίερομόναχος

499 3027 590 3112 κόριος
604 3034 636 3092 Γ
632 3021 756 3111 ρηγόριος
776 3024 954 3107 όΠιυλαμᾶς
972 3025 1021 3110 την
1040 3027 1081 3091 ἐπ’
1099 3027 1197 3102 αύταῖς
1210 3027 1285 3112 ποιίγ

500 3167 614 3223 σασθαι
632 3154 786 3236 ἀπολογίαν
807 3151 847 3226 ῶς
865 3153 950 3218 αύτοῦ
967 3152 1089 3235 μάλιστα
1103 3159 1285 3240 καθαπτομέ

499 3311 568 3358 ναις.
583 3281 659 3355 ὅστις
672 3277 720 3345 καί
734 3279 819 3345 είπῶν
833 3281 862 3344 ἐν
876 3282 1024 3364 παροιμιόυ
1038 3282 1110 3364 λόγῳ
1124 3282 1171 3347 καί
1184 3284 1285 3350 ἀπολο

499 3411 652 3496 γησάμενος
679 3407 734 3476 όσα
763 3407 842 3482 εἰκός,
872 3409 967 3474 ἔπειτα
996 3410 1143 3493 διηγήσατο
1170 3408 1218 3475 καί
1246 3411 1286 3487 ῶς

500 3539 642 3622 έπισυνεβη
665 3535 702 3601 τά
724 3542 773 3619 τῆς
795 3536 888 3601 αὐτῶν
910 3541 1059 3618 διαφορᾶς·
1083 3540 1218 3621 προτερον
1236 3545 1286 3604 τοῦ

500 3666 585 3732 αότοῦ
604 3662 751 3746 Βαρλαάμ
770 3665 1002 3747 συγγραψαμένου
1021 3661 1069 3727 καί
1084 3666 1284 3749 κατηγορὴσαν·

500 3820 549 3868 τος
568 3792 661 3858 αὐτῶν
676 3788 749 3873 ἀπερ
765 3790 895 3873 ἀνωτέρω
909 3789 1021 3873 είρηται,
1036 3788 1084 3856 καί
1099 3792 1211 3857 ἐναντία
1226 3807 1285 3868 τοῖς

499 3924 556 3986 τῶν
578 3918 707 4001 πατερων
722 3919 812 3990 θείοις
833 3917 924 4001 λόγοις
943 3917 983 3991 ῶς
1001 3917 1156 4002 ἀπεδείχθη
1175 3920 1285 4004 έκθεμέ

499 4074 556 4121 νου,
579 4043 626 4111 καὶ
646 4045 685 4118 ῶς
704 4045 734 4122 ἐξ
753 4045 875 4129 ἀνάγκης
892 4043 940 4110 καί
959 4045 1045 4119 αύτός
1062 4045 1133 4129 πρὸς
1151 4046 1201 4132 τὴν
1216 4048 1284 4115 ἀπα

498 4176 595 4260 λογίαν
608 4171 656 4239 καί
671 4173 827 4256 ἀντιρρησιν
840 4176 985 4255 κεκίνηται.

557 4301 674 4366 Ἔπειτα
699 4299 810 4384 ὡρίσθη
837 4300 985 4383 ἐνεχθῆναι
1006 4300 1045 4366 τά
1066 4306 1115 4366 τοῦ
1138 4304 1285 4386 Βαρλαάμ

498 4429 708 4514 συγγράμματα,
732 4426 752 4492 ἀ
773 4425 820 4493 καί
841 4427 912 4511 πρὸς
934 4428 1077 4512 ε’ξαπάτην
1096 4434 1153 4493 τῶν
1173 4431 1285 4497 ἀκουόν-

498 4583 556 4623 των
564 4555 654 4621 Κατά
664 4560 862 4621 Μασαλιανῶν
877 4556 1038 4639 ἐπέγραφεν.
1053 4556 1082 4619 έν
1097 4557 1138 4630 οῦς
1151 4559 1285 4643 συγγράμ-

499 4711 583 4767 μασιν
610 4684 683 4768 έλεγε
710 4679 757 4747 καί
785 4680 848 4766 περὶ
874 4690 924 4748 τοῦ
946 4684 1100 4767 ἀπροσίτου
1121 4686 1216 4769 φωτός
1237 4693 1286 4770 τῆς

498 4810 740 4893 μεταμορφώσεως
757 4815 807 4874 τοῦ
821 4811 956 4877 δεσπότου
970 4818 1094 4896 σωτῆρος
1108 4812 1184 4896 ἡμῶν·
1197 4814 1286 4897 Ἰησοῦ

499 4940 626 5021 Χριστοῦ
640 4934 688 5002 καί
702 4942 759 5003 τῶν
773 4943 822 5022 τῆς
836 4942 885 5006 τοῦ
898 4938 994 5022 φωτός
1007 4939 1106 5007 τούτου
1121 4942 1195 5014 θίοις
1208 4942 1285 5025 ηξιω

498 5066 587 5146 μένων
609 5067 765 5148 προκρίτων
785 5071 925 5149 μαθητῶν
947 5067 1033 5134 αύτοῦ
1052 5065 1099 5133 καί
1118 5067 1285 5134 ἀποστόλων

497 5191 601 5268 λέξεσιν
615 5192 715 5266 αόταῖς
729 5192 808 5259 τόδε·
835 5194 878 5260 Τὸ
892 5193 1075 5281 όνΘαβωρήν
1088 5194 1209 5279 διένιψα-ν
1222 5200 1285 5280 φῶν·

1348 604 1397 670 οῦκ
1412 605 1564 690 ἀπρόσιτον
1577 601 1618 692 ίμ,
1638 605 1700 674 οίδί
1715 610 1790 674 κατά
1806 609 1944 693 ἀληθειαν
1957 608 2062 694 ῦπηρχε
2076 613 2140 692 φῶς

1348 732 1493 816 θεότητος,
1509 732 1572 800 οῦδὲ
1586 735 1709 819 ἀγγελων
1720 733 1792 810 ὅλως
1804 738 1947 820 ἱερώτερον·
1958 734 1975 820 ἢ
1987 737 2141 820 θειότερον,

1350 859 1423 924 ἀλλά
1442 860 1489 927 καί
1509 873 1602 946 χεῖρον
1621 860 1669 929 καί
1683 864 1842 945 καττίτερον
1855 862 1903 929 καὶ
1918 864 2004 947 αύτῆς
2018 870 2067 946 τῆς
2079 890 2141 946 ημε

1351 990 1434 1070 τέρας
1453 989 1581 1073 νοήσεως.
1596 991 1693 1056 πάντα
1711 991 1765 1075 γάρ
1784 991 1822 1055 τό
1840 1017 1870 1056 τε
1888 991 2015 1074 νοήματα
2035 989 2081 1057 καί
2102 990 2139 1057 τά

1351 1115 1485 1198 νοούμενα
1504 1118 1664 1213 σεμνότεράὶ
1674 1118 1732 1184 ἐστι
1750 1124 1800 1185 τοῦ
1817 1118 1913 1202 φωτός
1931 1119 2033 1184 ἐκεινου
2051 1118 2092 1192 ῶς
2104 1123 2140 1201 τῇ

1351 1239 1417 1324 όψει
1438 1244 1485 1309 διά
1507 1249 1557 1310 τοῦ
1578 1245 1660 1328 ἀέρος
1681 1248 1906 1328 προσπιπτοντος
1923 1243 1971 1311 καλ
1990 1247 2141 1328 αἰσθητικῇ

1352 1371 1463 1454 δυνάμει
1484 1370 1690 1446 όποπύττοντος
1712 1371 1759 1437 καὶ
1779 1372 1816 1438 τά
1836 1373 1964 1456 αι’σθητά
1982 1373 2056 1455 μόνα
2074 1380 2141 1438 δεον

1351 1499 1448 1572 νύντος
1467 1510 1526 1572 τοῖς
1540 1498 1650 1582 ὁρῶσιν,
1673 1498 1763 1565 ῦλικοῦ
1777 1526 1806 1565 τε
1822 1498 1903 1574 ὄντος
1916 1498 1963 1565 καί
1979 1501 2139 1585 ἐσχηματισ-

1350 1627 1441 1709 μένου,
1463 1624 1510 1691 καί
1533 1627 1561 1691 ἐν
1581 1626 1660 1706 τόπῳ
1681 1624 1729 1690 καὶ
1753 1627 1782 1691 έν
1800 1629 1890 1711 χρόνῳ
1907 1631 2074 1712 φαινομένου
2091 1626 2140 1693 καί

1352 1754 1401 1820 τόν
1416 1754 1487 1836 ἀέρα
1499 1756 1734 1837 χρωματιῖοντος,
1757 1753 1805 1818 καί
1819 1760 1866 1820 νῦν
1879 1754 1928 1838 μέν
1943 1759 2140 1840 συνισταμένου

1352 1906 1383 1945 τε
1403 1879 1450 1945 καί
1471 1882 1645 1964 φαινομενου,
1668 1885 1716 1947 νῦν
1738 1879 1768 1944 δέ
1789 1885 1966 1965 διαλυομελου
1984 1881 2032 1948 καί
2050 1885 2089 1958 εἰς
2105 1883 2140 1949 τό

1351 2007 1388 2093 μὴ
1403 2010 1472 2073 εἶναι
1488 2013 1644 2092 χωροῦντος
1664 2006 1714 2073 ἀτε
1728 2014 1893 2092 φανταστοῦ
1906 2015 2034 2093 μεριστοῦ
2048 2008 2140 2076 τεκαὶ

1352 2138 1568 2219 πεπερασμένου.
1587 2135 1629 2201 διὸ
1648 2134 1695 2200 καί
1709 2135 1848 2220 όρῶμενον
1861 2131 1894 2220 ἦν
1907 2135 1962 2203 ῦπό
1977 2142 2033 2202 τῶν
2048 2140 2140 2222 στέρη

1352 2289 1395 2327 σιν
1416 2262 1583 2346 πασχόντων
1604 2268 1661 2327 τῶν
1681 2268 1784 2347 νοερῶν
1807 2264 1960 2347 ἐνεργειῶν,
1981 2271 2087 2346 μᾶλλον
2110 2263 2140 2331 δέ

1351 2393 1463 2472 μηδέπω
1485 2390 1592 2463 ταύτας
1610 2387 1682 2463 όλαος
1695 2393 1874 2474 κτησαμένων
1895 2389 1942 2455 καί
1960 2392 2042 2475 μηπω
2062 2420 2140 2458 κεκα-

1352 2520 1503 2601 θαρμένων
1521 2516 1622 2591 όντων,
1642 2518 1716 2582 ἀλλά
1736 2517 1842 2583 ἀτελῶν
1856 2514 1904 2584 καί
1918 2518 1959 2582 ἐπ’
1977 2521 2063 2603 αὐτῆς
2077 2522 2141 2587 ἑκεί-

1352 2673 1400 2728 νης
1413 2652 1462 2728 της
1477 2642 1521 2710 ε’πί
1534 2650 1584 2710 τοῦ
1597 2644 1679 2728 όρους
1693 2647 1768 2719 θέας
1781 2644 1821 2719 ῶς
1833 2647 1946 2728 μηδέπω
1958 2646 2140 2724 ἀξιωθέντων

1352 2778 1401 2856 τῑης
1419 2778 1475 2837 τῶν
1489 2777 1623 2837 θεοειδιῦν
1637 2774 1765 2857 νοὴσεων.
1786 2773 1954 2858 ἀναγόμεθα
1972 2773 2001 2839 δὲ
2017 2775 2076 2841 ἀπό
2090 2780 2140 2842 τοῦ

1352 2899 1476 2965 τοιούτου
1501 2899 1597 2983 φωτός
1623 2899 1668 2965 ἐπὶ
1689 2901 1816 2983 νοηματα
1837 2899 1884 2965 καλ
1906 2902 2096 2986 θεωρηματα,
2119 2902 2141 2969 οἳ

1351 3030 1465 3109 κρείττω
1487 3024 1561 3092 ἐστίν
1583 3028 1753 3111 ἀσυγκρίτως
1774 3035 1824 3094 τοῦ
1841 3028 1937 3113 φωτός
1955 3031 2064 3096 ἐκείνω.
2087 3059 2140 3097 τοι·

1352 3160 1454 3238 γαροῦν
1476 3156 1502 3219 οἱ
1521 3157 1646 3238 λέγοντες
1666 3155 1735 3222 αέτό
1758 3155 1827 3239 ῦπίρ
1848 3162 1913 3222 νοῦν
1935 3156 1983 3222 καί
2003 3158 2140 3240 ἀληθινόν

1351 3281 1399 3347 καὶ
1421 3282 1572 3364 ἀπρόσιτον
1593 3281 1641 3347 καὶ
1662 3282 1699 3347 τά
1721 3288 1847 3356 τοιαῦτα,
1867 3286 2068 3367 πεπλανημένοι
2087 3284 2140 3352 εἰσί

1353 3409 1496 3485 καθάπαξ
1515 3406 1562 3473 καί
1582 3408 1660 3475 οίδίν
1675 3415 1731 3475 τῶν
1745 3412 1917 3494 φαινομένων
1931 3417 2024 3476 καλῶν
2038 3412 2140 3496 όψηλίν

1352 3562 1431 3618 τερον
1445 3536 1555 3610 εἰδότες,
1570 3537 1678 3622 ἀσεβεῖς
1693 3564 1723 3602 τε
1736 3537 1783 3603 διά
1794 3543 1875 3604 τοῦτο
1887 3537 1934 3602 καί
1943 3539 2141 3622 όλεθριῶτατα

1352 3664 1480 3748 δόγματα
1494 3666 1532 3737 εἰς
1546 3663 1596 3748 την
1610 3665 1754 3747 ἐκκλησίαν
1765 3665 1929 3749 εἰσάγοντες.

1419 3796 1521 3857 Ταῦτα
1543 3788 1592 3875 μὲν
1613 3784 1661 3857 οῦν
1689 3792 1883 3876 όΒαρλαάμ,
1905 3793 2053 3875 ἑτερόδοξα
2074 3821 2140 3878 προ

1352 3919 1442 4003 δόλως
1459 3917 1506 3984 καί
1526 3920 1639 3984 ἐναντία
1659 3931 1718 3993 τοῖς
1736 3917 1798 4001 περὶ
1813 3925 1862 3986 τοῦ
1876 3922 1958 3985 θείου
1972 3921 2070 3986 τούτου
2083 3948 2140 4005 φω

1351 4048 1401 4120 τός
1428 4054 1539 4131 ῥηθεῖσι
1557 4046 1639 4130 παρά
1665 4052 1722 4112 τῶν
1747 4047 1844 4131 ἀγίων·
1873 4048 1979 4113 τούτων
2002 4048 2057 4133 γάρ
2077 4060 2142 4123 ταῖς

1352 4175 1445 4258 ῥίγσεσι
1473 4175 1609 4257 σύμφωνα
1635 4174 1866 4259 διαβεβαιούμενοι
1886 4172 1934 4240 καί
1959 4187 2070 4258 φρονεῖν
2093 4175 2142 4242 καί

1352 4305 1436 4386 λέγειν
1457 4303 1483 4367 οἱ
1502 4300 1620 4385 μοναχοί
1641 4302 1749 4376 ταύτας
1770 4299 1818 4366 καί
1839 4302 2050 4387 προεβάλλοντο.
2073 4304 2141 4388 φησί

1352 4432 1443 4496 τοίνυν
1472 4429 1488 4496 ό
1515 4429 1545 4493 έκ
1570 4434 1728 4511 Δαμασκοῦ
1754 4439 1835 4503 θεῖος
1857 4428 1988 4512 Ἰωάννης
2013 4431 2142 4516 Σημερον

1352 4558 1447 4640 φωτὸς
1469 4557 1623 4639 ἀπροσίτου
1645 4557 1779 4642 ἄβυσσος·
1802 4558 1919 4641 σήμερον
1943 4556 2038 4642 αἴγλης
2056 4563 2142 4634 θείας

1352 4686 1429 4768 χύσις
1443 4685 1634 4768 ἀπεριόριστος
1649 4685 1678 4749 έν
1692 4689 1733 4765 τῶ
1751 4686 1860 4771 Θαβῶρ
1874 4692 1914 4768 τῶ
1929 4684 1984 4769 όρει
1998 4697 2058 4760 τοῖς
2073 4687 2141 4752 ἀπο

1353 4811 1461 4885 στόλοις
1485 4813 1642 4896 αἰγιίζεται.
1665 4818 1712 4878 νῦν
1735 4813 1837 4896 ῶράθη
1859 4813 1897 4879 τά
1919 4824 1978 4887 τοῖς
1996 4814 2141 4898 ἀνθρωπί-

1353 4967 1410 5013 νοις
1424 4940 1540 5005 ἀθέατα
1555 4939 1671 5023 ὄμμασι·
1687 4945 1770 5022 σῶμα
1784 4941 1873 5024 γήινον
1889 4943 1973 5006 θειάυ
1985 4941 2142 5023 ἀπαυγάζεν

1352 5065 1546 5152 λαμπρότητα·
1569 5073 1652 5151 σῶμα
1675 5067 1783 5151 θνητόν
1805 5068 1891 5145 δόξαν
1909 5069 2024 5152 πηγάζει
2042 5069 2141 5151 θεότη

1352 5222 1407 5270 τος.
1423 5195 1438 5263 ό
1453 5195 1507 5281 γάρ
1521 5194 1602 5281 λόγος
1615 5197 1701 5279 σάρξ,
1720 5191 1825 5280 ησοίρξ
1838 5221 1868 5260 τε
1881 5193 1963 5279 λόγος
1977 5196 2095 5280 ἐγένετο,
2116 5198 2142 5262 εἰ
