4756 6194
362 386 423 451 112

466 599 507 654 Η.
529 590 720 674 Ἀμβακοὺμ
738 584 770 673 ήν
789 590 819 667 ἕξ
838 590 924 673 ἀγροῦ
942 589 1112 674 Βιδζονχάρ,
1135 594 1222 672 φυλῆς
1236 587 1360 672 Συμεών.
1383 585 1430 652 καί
1449 586 1504 653 ι’δεν
1522 587 1577 671 πρὸ
1596 592 1645 671 τῆς
1665 589 1857 673 αἰχμαλωσίας
1875 586 1937 670 περὶ
1956 593 2006 672 τῆς

363 720 493 792 άλιάσεως
505 717 700 801 Ἰερουσαλήμ,
724 717 771 782 καί
786 718 939 801 ἐπένθησεν
953 717 1075 801 σφόδρα·
1097 714 1144 781 καί
1159 713 1205 782 ῦτε
1218 710 1305 800 ἰγλθεν
1318 716 1574 801 Ναβουχοδονόσορ
1592 715 1828 799 ένἸερονσαλήμ,
1851 716 1948 800 ἔφυγεν
1966 719 2006 790 εἰς

362 849 538 930 ἀστρακινῆν,
559 843 607 908 καί
624 840 657 928 ήν
675 845 808 926 πάροικος
827 846 855 909 έν
875 845 1047 928 γῆἸσμαήλ
1070 845 1111 919 ὡς
1128 843 1158 908 δί
1177 845 1353 928 ἰπεστρεφαν
1368 846 1394 909 οἱ
1407 849 1551 909 Χαλδαῖοι
1564 842 1611 907 καί
1626 845 1652 908 οῖ
1665 843 1831 909 κατάλοιποι
1845 846 1871 909 οἰ
1884 843 2005 918 άντεςέν

359 972 542 1057 Ἰερουσαλήμ
562 973 719 1056 κατέβησαν
740 973 779 1044 εἰς
797 970 958 1055 Αἴγυπτον,
979 966 1012 1055 ῆν
1034 967 1114 1045 σῦτος
1137 968 1224 1056 (eod.
1240 968 1341 1055 οῦτως)
1362 977 1505 1053 παροικῶν
1526 971 1576 1055 τήν
1597 976 1646 1055 γῆν
1669 971 1755 1037 αἰετοῦ
1776 969 1823 1035 καί
1843 978 2006 1056 λειτουργεῖν

363 1111 507 1184 θερισταῖς
520 1104 570 1165 τοῦ
584 1103 654 1164 λαοῦ
669 1098 763 1163 αἰτοῦ.
778 1098 818 1172 ὡς
831 1097 861 1162 δὲ
875 1099 971 1184 ἔλαβεν
985 1099 1017 1164 τὸ
1033 1100 1134 1181 ἔδεσμα
1149 1100 1297 1183 ἀπενέγκαι
1310 1111 1369 1173 τοῖς
1383 1099 1525 1182 ἐργάταις,
1542 1099 1743 1182 προεφήτευσεν
1757 1111 1816 1173 τοῖς
1830 1101 1908 1173 ἰδίοις
1921 1100 2006 1165 εἰπεῖν

363 1229 524 1312 Πορείομαι
538 1228 577 1299 εἰς
591 1231 640 1309 γῆν
654 1228 776 1309 μακράν,
800 1223 846 1290 καί
861 1227 968 1310 ταχέως
982 1225 1133 1309 ε’λεῦσομαι.
1149 1226 1199 1292 ε’ἀν
1213 1224 1243 1290 δί
1256 1226 1397 1310 βραδιίνω,
1421 1227 1589 1309 ἀπενέγκατε
1603 1236 1661 1299 τοῖς
1675 1235 1822 1308 θερισταῖς
1839 1227 1872 1294 τὸ
1892 1226 2006 1310 άριστου

363 1359 464 1423 αι’πών.
486 1352 533 1419 καί
548 1353 689 1438 γενόμενος
704 1354 733 1417 εἰ·
747 1359 898 1438 Βαβυλῶνι
911 1352 958 1418 καλ
973 1353 1037 1426 δοὺς
1055 1353 1088 1419 τὸ
1108 1351 1222 1436 ἄριστον
1239 1359 1280 1434 τῴ
1294 1352 1414 1437 Δανιήλ,
1437 1354 1537 1436 ε’πέστη
1555 1364 1614 1425 τοῖς
1632 1363 1778 1436 θερισταῖς
1796 1355 1934 1429 ἐσθίουσι,
1958 1353 2006 1420 καί

363 1481 451 1549 οίιδενί
466 1484 540 1547 εἶπεν
554 1482 587 1547 τὸ
602 1481 721 1564 γεγονός
744 1487 858 1563 συνῆκεν
872 1478 902 1544 δὲ
921 1482 950 1544 ε’νι
968 1482 1066 1546 τοῦτου
1085 1476 1127 1545 ὅτι
1146 1481 1256 1564 τάχειον
1273 1481 1432 1563 ἐπιστρέψει
1450 1481 1466 1545 ά
1484 1481 1554 1554 λαὸς
1572 1482 1601 1544 ἐκ
1616 1486 1795 1565 Βαβυλῶνος.
1818 1480 1865 1546 καί
1884 1483 1939 1565 πρὸ
1958 1484 2006 1550 δῦο

363 1613 433 1676 έτιῦν
452 1616 501 1693 τῆς
519 1610 686 1692 ἐπιστροφῆς
703 1607 804 1671 θανάυ
823 1608 912 1690 ἐτάφη
931 1608 989 1672 ἐκεῖ
1003 1608 1032 1671 έν
1052 1608 1136 1691 ἀγρῷ.
1159 1608 1258 1672 ἔδωκεν
1276 1605 1306 1671 δὲ
1319 1610 1402 1690 τέρας
1414 1619 1473 1681 τοῖς
1488 1609 1516 1672 έν
1530 1613 1564 1690 τῆ
1576 1608 1714 1691 Ἰουδαίᾳ,
1728 1606 1771 1674 ὅτι
1785 1608 1909 1696 ὄψονται
1922 1612 1951 1676 έν
1965 1617 2005 1692 τῷ

363 1744 424 1818 ναῷ
441 1742 504 1820 φιῦς
522 1734 570 1800 καί
586 1732 674 1809 οῦτως
692 1733 785 1800 ἴδωσιν·
799 1735 848 1819 τήν
862 1736 947 1812 δόξαν
961 1739 1010 1800 τοῦ
1024 1740 1101 1800 ναοῦ.
1117 1732 1164 1799 καί
1177 1733 1239 1818 περί
1253 1741 1302 1818 τῆς
1316 1738 1473 1808 συντελείας
1486 1739 1536 1800 τοῦ
1550 1741 1620 1801 ναοῦ
1634 1746 1764 1818 προεῖπεν
1778 1734 1821 1801 ὅτι
1834 1735 1890 1804 ῦπά
1904 1738 2006 1812 ἔθνους

363 1869 471 1931 δνιικοῦ
484 1865 633 1948 γενήσεται,
648 1861 695 1928 καί
706 1864 768 1927 τότε
782 1863 815 1928 τὸ
830 1860 960 1945 ἀπλωμα,
975 1864 1066 1947 φιγσίν,
1081 1867 1130 1928 τοῦ
1146 1863 1255 1947 Λιαβήρ
1270 1859 1347 1948 (sic)
1364 1865 1402 1937 εἰς
1415 1863 1498 1946 μικρά
1513 1863 1738 1947 διαρραγήσεται,
1752 1862 1801 1929 καί
1815 1864 1853 1930 τά
1868 1865 2005 1950 ε’πάιρανα

363 1998 420 2057 τιῦν
435 1991 483 2057 δῦο
497 1990 604 2056 στῦλιον
623 1990 858 2073 ἀφαιρεθήσεται,
881 1988 928 2054 καῖ
946 1988 1034 2063 οῦδείς
1051 1990 1186 2074 γνώσεται
1207 1996 1262 2055 ποῦ
1277 1991 1398 2056 ἔσονται·
1420 1997 1512 2057 ταῦτα
1526 1989 1555 2056 δὲ
1570 1992 1598 2055 έν
1613 1996 1646 2073 τῆ
1662 1991 1750 2074 ε’ρήμιρ
1765 1991 2007 2076 ἀπενεχθήσονται

362 2119 417 2185 ῦπὸ
432 2121 555 2202 ἀγγελον,
570 2116 640 2184 ὅπου
655 2119 683 2181 έν
698 2117 769 2201 ἀρχῆ
785 2118 872 2200 ε’πάγῆ
887 2116 904 2201 ῆ
919 2116 1003 2200 σκηνή
1017 2123 1067 2183 τοῦ
1080 2121 1238 2201 μαρτυρίου,
1254 2116 1301 2182 καί
1316 2129 1374 2191 τοῖς
1389 2117 1433 2183 ι’πί
1447 2121 1517 2184 τελει
1530 2116 1725 2203 γνωσθήσεται
1739 2119 1837 2202 κῦριος.

470 2241 540 2329 (ΙΒ.
564 2244 756 2329 Ἀμβαιιοῦμ
770 2245 799 2308 ἐκ
812 2250 900 2328 φυλῆς
913 2239 1073 2328 ήνΣυμεάν
1088 2246 1117 2322 έξ
1132 2246 1218 2329 ἀγροῦ
1232 2245 1413 2329 Βῆθωαχάρ.
1428 2240 1509 2319 οἶτος
1522 2247 1591 2310 εἶδεν
1605 2245 1660 2328 πρὸ
1674 2251 1724 2329 τῆς
1738 2247 1932 2330 αἰχμαλωσίας
1945 2247 2007 2331 περὶ

363 2381 411 2458 τῆς
426 2373 557 2445 άλαίσεως
571 2378 620 2456 τῆς
631 2371 691 2453 Ἱερ.
707 2370 753 2436 καί
767 2377 816 2437 τοῦ
833 2378 909 2446 ναοῦ,
924 2370 972 2436 καὶ
987 2372 1125 2454 ἐπένθησε
1139 2374 1256 2456 σφόδρα.
1271 2371 1318 2437 καί
1333 2370 1380 2439 ὅτε
1393 2368 1480 2455 ήλθεν
1494 2373 1774 2457 ὁΝαβουχοδσνόσορ
1785 2374 1897 2459 εἰςἹερ.,
1910 2376 2008 2462 ἔφυγεν

362 2543 372 2551 -
386 2544 395 2552 -
409 2543 418 2551 -
431 2500 550 2584 Ἰσμαήλ
566 2499 605 2572 ὡς
619 2497 648 2564 δί
661 2499 841 2581 ὑπέστρεψαν
856 2500 882 2563 οἱ
895 2505 1038 2564 Χαλδαῖοι
1052 2498 1100 2564 καί
1114 2501 1140 2564 οἱ
1152 2501 1318 2565 κατάλοιποι
1332 2502 1358 2565 οἰ
1372 2498 1449 2572 ὄντες
1463 2500 1492 2564 ἐν
1503 2499 1562 2583 Ἰερ.
1577 2502 1734 2586 κατεβήσαν
1747 2503 1786 2574 εἰς
1799 2500 1960 2584 Αἴγυπτον,
1975 2500 2008 2589 ήν

364 2634 506 2711 παροικῶν
520 2627 569 2710 τήν
583 2634 632 2711 γῆν
647 2627 745 2700 αῦτοῦ,
766 2625 813 2691 καί
828 2626 986 2710 ελειτοῦργει
999 2639 1057 2700 τοῖς
1071 2638 1217 2710 θερισταῖς
1230 2633 1280 2692 τοῦ
1294 2628 1379 2712 ἀγροῦ
1395 2629 1487 2693 αἰτοῦ.
1509 2628 1549 2700 ὠς
1562 2626 1591 2692 δί
1606 2628 1687 2712 ἔλαβε
1705 2628 1738 2693 τὸ
1758 2629 1872 2712 ἔδεσμα,
1890 2634 2008 2716 προεφή-

363 2783 441 2822 τευσε
448 2768 507 2828 τοῖς
518 2757 595 2827 ἰδίοις
606 2755 691 2820 αἰτοῦ
702 2755 786 2818 ειπιάν
847 2754 1017 2838 ἀπενιγκατε
1028 2754 1061 2820 τὸ
1073 2753 1187 2836 ἄριστον
1197 2766 1256 2827 τοῖς
1262 2765 1416 2837 θερισταῖς.
1428 2752 1475 2818 καί
1485 2755 1627 2838 γενόμενος
1678 2752 1743 2828 δοῦς
1751 2756 1800 2822 τὸν
1808 2755 1882 2841 (sic)
1893 2756 2008 2840 άριστσν

363 2888 403 2963 tq}
419 2883 539 2964 Λανιήλ,
556 2882 655 2963 έπέστνγ
669 2892 728 2954 τοῖς
740 2890 887 2963 θερισταῖς
902 2882 1041 2955 ε’σθίουσι,
1057 2880 1105 2946 καί
1119 2879 1206 2946 οῦδενί
1221 2883 1296 2946 εἶπεν
1309 2882 1341 2947 τὸ
1357 2882 1508 2965 γενόμενον·
1531 2886 1628 2964 συνῆκε
1639 2880 1669 2945 δί
1682 2879 1725 2948 ὅτι
1739 2883 1835 2967 τάχιον
1849 2885 2009 2968 έναστρελμει

364 3009 463 3082 ῦλαδς
477 3009 507 3072 ἐκ
520 3013 569 3090 τῆς
584 3009 777 3090 αἰχμαλωσίας
790 3013 840 3090 τῆς
854 3010 893 3080 εἰς
907 3013 1076 3092 Βαβυλῶνα.
1092 3008 1138 3073 καί
1153 3009 1208 3093 πρὸ
1222 3015 1252 3094 β’
1267 3009 1337 3074 ε’τιῦν
1351 3015 1400 3091 τῆς
1414 3011 1581 3093 ἐπιστροφῆς
1596 3010 1782 3093 ἀποθνήσκει,
1804 3008 1851 3076 καί
1870 3012 1960 3096 έτάφῆ
1980 3014 2009 3078 ἰν

364 3136 441 3221 ἀγρῷ
456 3138 515 3215 ἰδίῳ
527 3135 619 3217 μάνος.
644 3135 726 3198 ἔδωκε
740 3133 771 3197 δὲ
784 3137 866 3216 τέρας
880 3176 889 3185 -
904 3175 913 3184 -
928 3176 937 3184 -
951 3141 1026 3217 φῶς,
1048 3133 1095 3199 καί
1113 3133 1202 3209 οῦτως
1220 3135 1343 3217 ὄψονται
1360 3136 1410 3220 τήν
1428 3137 1514 3214 δόξαν
1534 3142 1584 3202 τοῦ
1601 3143 1684 3203 θεοῦ·
1706 3136 1753 3202 καί
1772 3137 1834 3221 περὶ
1852 3144 2008 3214 συντελείας

363 3267 413 3328 τοῦ
431 3268 501 3327 ναοῦ
519 3273 649 3344 προεῖπεν·
667 3258 710 3327 ὅτι
727 3260 782 3327 ὑπὸ
797 3262 898 3334 ἔθνους
917 3268 1024 3328 διπινιοῦ
1042 3263 1200 3346 ρἀγήσεται.
1219 3263 1282 3330 τότε
1301 3262 1349 3329 καί
1363 3263 1396 3329 τὸ
1415 3261 1538 3346 άπλωμα
1558 3269 1607 3330 τοῦ
1622 3263 1731 3349 Λαβήρ,
1749 3268 1845 3349 φησίν,
1869 3268 1908 3342 εἰς
1925 3268 2008 3351 μικρά

363 3390 491 3473 ῥήγματα
505 3388 668 3473 ῥαγήσεται,
692 3386 739 3453 καί
753 3389 791 3453 τά
806 3389 942 3472 έπίκρανα
956 3395 1013 3453 τῶν
1027 3389 1075 3454 δῦο
1089 3390 1196 3455 στῦλων
1210 3390 1464 3474 ἀφαιρεθήσονται,
1486 3389 1533 3456 καί
1552 3392 1640 3465 οῦδείς
1659 3391 1794 3476 γνιάσεται
1812 3399 1867 3459 ποῦ
1885 3394 2008 3461 ἔσονται

365 3515 438 3581 αῦτά
457 3514 486 3579 δὲ
506 3517 534 3580 ἐν
552 3522 586 3598 τῆ
606 3516 694 3599 ε’ρήμιρ
714 3516 954 3599 ἀπενεχθήσονται
972 3517 1027 3583 ῦπὸ
1048 3517 1183 3600 ἀγγελων,
1205 3515 1276 3583 ὅπου
1296 3519 1324 3582 έν
1343 3519 1415 3602 ἀρχῆ
1428 3514 1461 3603 ήν
1480 3520 1496 3604 ή
1515 3519 1599 3605 σκῆιῆ
1617 3526 1666 3585 τοῦ
1685 3523 1848 3604 μαρανρίον·
1871 3523 1899 3586 έν
1915 3523 2010 3596 αὐτοῖς

365 3645 557 3727 γνωσθήσεται
572 3641 617 3708 ε’πί
631 3645 701 3708 τελει
715 3643 816 3724 κίιριος,
831 3654 890 3716 τοῖς
904 3645 1076 3725 διωκομένοις
1089 3642 1143 3710 άπὸ
1157 3650 1207 3711 τοῦ
1221 3643 1324 3728 ὄφεως,
1340 3645 1380 3719 ὡς
1395 3647 1424 3724 ἕξ
1439 3648 1526 3732 ἀρχῆς
1539 3643 1593 3732 ήν.)

474 3777 510 3838 Θ.
532 3777 564 3833 Σ
565 3773 667 3853 οφονί
669 3798 708 3843 ας
723 3770 780 3843 υἱὸς
788 3776 888 3854 Χονσῆ
902 3764 935 3855 ῆν
950 3773 979 3848 ἔξ
990 3771 1076 3854 ἀγροῦ
1086 3773 1267 3855 Σαβαραθά,
1282 3777 1368 3856 φυλῆς
1375 3775 1504 3855 Συμεών·
1518 3776 1718 3859 προεφήτευσεν
1730 3774 1759 3842 δὲ
1769 3775 1831 3859 περὶ
1842 3781 1892 3860 τῆς
1901 3775 2011 3850 πόλεως

364 3896 412 3963 καί
426 3896 488 3980 περὶ
502 3904 551 3962 τοῦ
564 3899 660 3971 τέλους
673 3903 731 3962 τῶν
745 3898 839 3961 έθνιῦν
853 3897 900 3963 καί
913 3904 963 3982 τῆς
978 3899 1107 3983 αισχῦνῆς
1121 3903 1178 3965 τοῦν
1194 3900 1311 3984 ἀσεβεῖν.
1325 3896 1373 3964 καί
1387 3901 1550 3984 τελευτήσας
1564 3901 1654 3985 ε’τάφρ
1670 3902 1698 3965 έν
1713 3903 1789 3986 ἀγρῷ
1804 3904 1897 3969 αἰτοῦ.

471 4020 538 4109 (ΙΓ.
561 4031 593 4088 Σ
595 4026 736 4108 οφονίας
750 4019 782 4107 ῆν
796 4026 826 4088 εἰι
839 4030 927 4108 φυλῆς
939 4025 1057 4107 Συμεών
1071 4028 1100 4104 ἐξ
1115 4027 1201 4111 ἀγροῦ
1212 4026 1392 4112 Σαβαραθά.
1408 4022 1488 4100 οὗτος
1503 4028 1688 4112 προεφήτευσε
1702 4025 1764 4111 περί
1777 4035 1826 4111 τῆς
1839 4029 1947 4104 πόλεως
1961 4030 2009 4095 καί

364 4151 426 4238 περί
440 4154 534 4225 τελους
548 4153 642 4216 ἐθνῶν
655 4148 703 4216 καί
718 4151 848 4236 αἰσχῦννγς
863 4152 979 4236 ἀσεβῶν.
995 4150 1043 4217 καί
1056 4154 1158 4218 θανών
1173 4154 1263 4238 ε’τάφιγ
1278 4155 1306 4219 έν
1321 4153 1398 4238 ἀγροῦ
1413 4150 1521 4239 αὐτοῦ.)

470 4286 495 4342 Ι.
516 4281 674 4363 Ἀγγαῖος
687 4280 748 4352 νίος
761 4273 848 4362 ήλθεν
862 4279 891 4342 ἐκ
906 4285 1079 4364 Βαβυλῶνος
1092 4281 1130 4354 εἰς
1141 4280 1329 4365 Ἰερουσαλήμ,
1349 4279 1396 4345 καί
1410 4287 1540 4364 φανεράς
1553 4279 1615 4365 περί
1628 4287 1677 4365 τῆς
1691 4285 1858 4368 ἐπιστροφῆς
1872 4290 1921 4350 τοῦ
1939 4291 2010 4352 λαοῦ

365 4408 579 4492 προεφήτευσεν,
604 4404 651 4470 καί
674 4403 729 4470 ἴδεν
751 4408 781 4468 ἐκ
801 4408 899 4488 μέρους
919 4405 969 4490 τήν
992 4406 1136 4491 οἰκοδομήν
1158 4413 1207 4474 τοῦ
1229 4415 1305 4474 ναοῦ.
1329 4407 1377 4473 καί
1398 4408 1500 4474 θανάν
1518 4409 1608 4492 έτάφιγ
1631 4409 1747 4475 ἐνώπιον
1768 4416 1817 4475 τοῦ
1838 4412 1932 4494 τάφου
1952 4418 2010 4477 τῶν

364 4536 456 4617 ἱερέων
471 4534 595 4610 ἐνδόξως.

472 4660 539 4744 (m.
566 4660 725 4746 Ἀγγαῖος
745 4660 839 4743 μικρὸς
859 4655 945 4743 ήλθεν
969 4664 998 4726 ἐκ
1018 4667 1192 4746 Βαβυλῶνος
1295 4663 1492 4746 προεφήτευσε,
1514 4661 1562 4728 καί
1583 4665 1652 4729 εἰδεν
1673 4665 1703 4728 έκ
1723 4665 1822 4748 με’ρονς
1839 4665 1889 4748 τήν
1908 4667 2009 4731 οἰκοδο

365 4789 417 4873 μήν
439 4794 488 4854 τοῦ
511 4792 587 4853 ναοῦ.
610 4786 657 4852 καί
680 4787 782 4851 θανιάν
804 4788 893 4871 ε’τάφιγ
914 4791 1029 4871 πλησίον
1050 4795 1100 4855 τοῦ
1120 4789 1214 4872 τάφου
1234 4794 1291 4854 τῶν
1309 4790 1401 4871 ἱερέων
1423 4791 1552 4869 ἐνδόξως·
1574 4785 1678 4875 ήνγάρ
1697 4789 1745 4858 καί
1765 4792 1849 4866 αῦτδς
1869 4794 1899 4858 εἰι
1918 4795 2011 4877 γένους

366 4912 578 5001 ἀρχιερατικοῦ.)

472 5047 530 5108 ΙΑ.
556 5045 736 5126 Ζαχαρίας
748 5042 806 5116 υίὸς
819 5047 968 5127 Βαραχίου
981 5037 1068 5126 ήλθεν
1082 5044 1141 5110 ἀπὸ
1156 5046 1312 5109 Χαλδαίου
1330 5046 1369 5118 εἰς
1384 5045 1573 5131 Ἰερουσαλήμ,
1591 5045 1642 5131 ήδιγ
1660 5049 1849 5132 προβεβηκώς,
1872 5047 1955 5111 κάκεῖ
1969 5051 2010 5126 τιή

366 5176 426 5250 λαρῖ
441 5170 531 5235 πολλά
547 5170 748 5255 προεφήτευσεν
762 5168 810 5236 καί
824 5173 929 5254 τέρατα
944 5172 1043 5236 ἔδωκεν
1057 5172 1095 5245 εἰς
1110 5170 1257 5250 ἀπόδειξιν.
1278 5172 1309 5247 ὃς
1323 5171 1370 5239 καί
1384 5178 1424 5253 τῷ
1437 5171 1567 5240 Ἰωσεδὲκ
1581 5175 1655 5240 εἶπεν
1669 5171 1712 5242 ῦτι
1726 5175 1860 5259 γεννήσας
1873 5173 1943 5248 υἱόν,
1962 5171 2012 5238 καί
