4756 6194
374 390 414 456 68

458 591 500 657 C:
524 594 601 659 folia
622 604 773 680 quattuor
793 595 918 660 formae
938 597 1110 677 maximae,
1136 619 1177 661 ex
1197 596 1439 683 evangeliorum
1463 596 1576 660 codiee
1596 598 1650 683 qui
1670 598 1830 662 versionis
1856 596 2010 684 simplicis

372 729 495 783 textum
515 720 700 785 continebat
719 722 880 808 decerpta.
926 722 1009 787 Sunt
1026 723 1209 809 fragmenta
1228 723 1387 810 evangelii
1405 722 1509 788 Marci
1529 723 1607 805 duo,
1628 723 1763 788 alterum
1783 724 1813 807 6,
1834 723 1955 806 56—8,
1972 725 2009 807 23

372 846 507 911 alterum
527 846 556 929 8,
576 848 698 930 26-9,
718 850 769 913 27.
814 850 922 934 Ipsam
943 851 1137 935 scripturam
1157 852 1471 937 repraesentavimus
1491 851 1554 915 tab.
1580 852 1639 915 III.
1666 849 1737 915 loco
1766 854 1887 937 quinto.
1931 851 2011 915 Inde

372 973 540 1060 apparebit
561 985 713 1060 quantam
734 975 975 1040 similitudinem
994 975 1112 1041 habeat
1131 977 1253 1041 codicis
1273 977 1513 1062 evangeliorum
1531 977 1712 1042 Florentini
1734 975 1818 1041 Plut.
1843 978 1868 1041 l.
1894 977 1944 1042 56.
1969 976 2011 1042 ab

370 1099 492 1166 Adlero
507 1100 527 1163 l.
543 1101 563 1164 l.
579 1102 643 1166 tab.
659 1103 701 1166 II.
719 1104 875 1189 expressi,
891 1113 973 1168 teste
990 1105 1176 1191 epigraphe,
1193 1116 1363 1190 suspectae
1378 1104 1433 1168 illa
1448 1103 1577 1190 quidem
1593 1104 1679 1181 fidei,
1699 1127 1783 1168 anno
1802 1102 1923 1169 Christi
1938 1102 2010 1169 586.

371 1229 496 1314 scripti,
522 1227 644 1293 Adiuro
669 1229 775 1294 iudice
800 1240 886 1294 certe
910 1232 1134 1317 antiquissimi.

474 1355 521 1418 D:
545 1355 656 1420 folium
673 1381 772 1421 unum
791 1360 922 1422 maioris
942 1359 1065 1423 formae
1082 1360 1194 1443 quavis
1215 1360 1335 1443 pagina
1350 1357 1469 1444 duplici
1486 1357 1635 1422 columna
1649 1359 1880 1444 antiquissimis
1896 1357 2010 1422 litteris

369 1484 597 1568 conscriptum.
636 1483 803 1569 Scriptura
826 1508 904 1571 prae
925 1486 1041 1549 ceteris
1062 1484 1302 1550 similitudinem
1323 1485 1420 1550 habet
1441 1485 1563 1549 codicis
1588 1485 1629 1549 ab
1653 1483 1774 1550 Adlero
1801 1482 1866 1549 tab.
1887 1484 1926 1549 V.
1945 1506 2010 1549 non

369 1610 414 1672 ita
429 1608 560 1695 quidem
574 1612 702 1675 curiose
719 1611 863 1693 exhibiti,
880 1615 931 1676 cai
948 1636 1051 1675 annus
1069 1610 1190 1675 Christi
1213 1613 1282 1676 752.
1299 1612 1481 1698 adscriptus
1503 1621 1560 1674 est.
1608 1608 1800 1675 Curavimus
1817 1612 2009 1697 scripturam

370 1736 519 1800 facsimili
541 1738 784 1824 exprimendam
811 1739 875 1803 tab.
904 1741 962 1804 III.
990 1739 1061 1803 loco
1089 1750 1213 1824 quarto.
1257 1740 1489 1823 Fragmentum
1513 1750 1562 1801 est
1586 1739 1694 1825 operis
1718 1760 1781 1824 quo
1803 1737 2010 1826 philosophia

368 1862 552 1928 Aristotelis
576 1865 777 1948 tradebatur,
801 1868 969 1930 continens
990 1868 1172 1950 categorias
1194 1889 1325 1946 novem,
1348 1865 1475 1929 decima
1499 1862 1639 1957 (semitae)
1662 1863 1871 1930 membranae
1893 1865 2011 1930 lacuna

369 1990 546 2077 deperdita.
590 1992 753 2078 Interpres
769 2003 892 2057 textum
909 2016 1001 2058 suum
1019 1991 1182 2057 Graccum
1197 2016 1315 2076 magna
1330 1992 1393 2056 fide
1409 1993 1565 2074 reddidit,
1586 1992 1629 2056 ad
1644 1990 1780 2056 eundem
1796 1993 1863 2057 fere
1878 1991 2010 2057 modum

369 2140 431 2204 quo
451 2118 485 2182 id
503 2118 539 2182 fit
553 2120 586 2181 in
601 2121 751 2184 versione
766 2120 851 2184 Novi
867 2119 1066 2183 Testamenti
1084 2118 1287 2184 Charklcnsi.
1333 2121 1382 2183 lta
1401 2121 1434 2187 τὸ
1449 2120 1518 2202 πρός
1532 2149 1556 2185 a
1572 2119 1679 2183 reddit
1699 2118 1760 2182 hoc
1776 2119 1863 2205 apud
1878 2119 2008 2205 aliquid.

367 2246 579 2310 inveniuntur
604 2245 666 2310 hoc
693 2268 757 2311 turo
788 2246 865 2311 folio
892 2245 993 2311 multa
1020 2270 1101 2332 quac
1129 2247 1172 2311 ad
1196 2246 1377 2334 supplenda
1402 2246 1507 2311 lexica
1529 2247 1659 2310 faciunt.
1706 2245 1909 2330 singularem
1931 2269 2009 2311 vero

367 2375 559 2458 gravitatem
575 2373 637 2438 hoc
652 2375 869 2458 fragmentum
884 2396 922 2437 eo
938 2372 1036 2438 habet
1055 2374 1143 2460 quod
1158 2376 1242 2439 inter
1256 2375 1344 2438 viros
1362 2374 1475 2438 doctos
1492 2373 1635 2438 nondum
1651 2382 1761 2437 notum
1782 2384 1851 2437 crat
1866 2373 2007 2458 philoso-

367 2500 477 2588 phiam
491 2498 675 2564 Aristotelis
692 2502 789 2566 etiarn
804 2500 846 2565 ad
862 2499 963 2588 Syros
978 2503 1144 2565 transisse.

472 2628 515 2691 E:
539 2626 618 2692 folia
636 2627 749 2692 decem
769 2629 892 2692 formae
912 2629 1087 2710 maximae,
1106 2627 1229 2714 aliquot
1247 2628 1381 2714 psalmis
1403 2639 1433 2692 et
1453 2627 1695 2715 precationibus
1717 2626 1832 2691 litteris
1853 2627 2007 2714 Syrorum

366 2753 554 2839 vulgaribus
572 2754 701 2819 saeculo
716 2755 784 2819 fere
799 2756 894 2820 tertio
911 2754 1036 2820 decimo
1053 2757 1245 2841 conscripta.

473 2880 564 2949 Cod.
587 2881 712 2945 Tisch.
736 2882 852 2966 XVII,
875 2894 1027 2948 constans
1055 2883 1096 2947 64
1118 2882 1204 2947 foliis
1227 2882 1430 2970 bombycinis
1453 2883 1576 2947 formae
1598 2883 1745 2959 maioris,
1773 2903 1831 2944 sex
1859 2881 2008 2946 codicum

366 3008 519 3094 reliquiis.
565 3006 646 3073 Sunt
671 3008 751 3073 haec
778 3010 961 3094 fragmenta
988 3012 1095 3076 omnia
1123 3011 1269 3096 exceptis
1300 3008 1427 3074 duobus
1454 3008 1540 3074 foliis
1569 3005 1616 3094 (c)
1644 3009 1825 3093 argumenti
1856 3007 2006 3092 liturgici,

366 3135 565 3222 antiquitatis
585 3134 681 3201 laude
700 3157 765 3200 non
786 3158 920 3223 prorsus
941 3136 1104 3201 destituta.

469 3263 514 3327 A:
538 3262 616 3327 folia
639 3264 687 3327 11.
710 3262 921 3328 Precationes
945 3264 1113 3349 liturgicae
1138 3287 1210 3328 cum
1233 3264 1335 3349 signis
1360 3265 1501 3328 musicis.

469 3390 512 3455 B:
536 3389 658 3455 foliati.
687 3390 898 3456 Precationes
914 3390 1046 3456 similes.

471 3515 513 3581 C:
536 3515 616 3581 folia
634 3516 664 3579 2.
693 3516 925 3603 Fragmentum
946 3517 1097 3582 homiliae
1119 3517 1159 3583 de
1178 3516 1262 3583 luda
1277 3517 1444 3603 proditore
1463 3516 1601 3582 habitae.

469 3643 516 3708 D:
539 3643 618 3709 folia
636 3644 666 3707 2.
695 3645 928 3729 Fragmentum
948 3647 1081 3709 canonis
1101 3644 1251 3728 liturgici.

469 3770 512 3835 E:
536 3771 615 3837 folia
636 3773 684 3835 11.
714 3772 884 3857 Liturgica
902 3774 1002 3836 varia.

469 3898 510 3961 F:
534 3897 612 3963 folia
631 3899 682 3963 32.
716 3899 890 3964 Formulae
916 3898 1100 3984 liturgicae,
1129 3900 1334 3984 precationes
1365 3911 1397 3964 et
1426 3898 1582 3965 lectiones
1613 3901 1751 3967 biblicae
1776 3901 1890 3968 diebus
1914 3904 2005 3966 festis

364 4036 395 4089 et
415 4027 517 4089 sacris
538 4025 733 4111 quotidianis
752 4030 984 4114 praescriptae.

1029 4315 1066 4381 C.
1112 4316 1343 4382 COPTICA.

471 4533 560 4600 Cod.
584 4535 710 4600 Tisch.
732 4536 853 4602 XVIII.
880 4536 1093 4624 bombycinus
1118 4536 1266 4603 foliorum
1291 4539 1351 4602 155
1371 4537 1496 4602 formae
1515 4539 1657 4603 maioris.
1701 4538 1762 4603 Est
1781 4538 2004 4603 lectionarium

362 4665 523 4747 integrum
538 4662 781 4750 Memphiticum
796 4663 987 4748 Arabicum,
1008 4666 1163 4752 scriptum
1184 4687 1269 4729 anno
1289 4673 1467 4750 martyrum
1488 4664 1568 4729 1166
1586 4667 1606 4728 i.
1623 4688 1650 4730 e.
1674 4688 1757 4730 anno
1774 4663 1897 4729 Christi
1914 4665 2003 4730 1450.

472 4789 561 4855 Cod.
586 4789 711 4854 Tisch.
735 4790 826 4854 XIX.
852 4789 1067 4877 bombycinus
1092 4792 1244 4858 soliorum
1270 4792 1333 4856 220
1355 4791 1389 4855 in
1414 4792 1458 4855 4⁰.
1504 4792 1565 4856 Est
1588 4792 1773 4879 psalmodia
1795 4791 2005 4879 Memphitica

360 4916 505 4983 Arabica
527 4919 663 5003 integra.
708 4918 831 4982 Textus
853 4916 977 5005 Coptus
997 4920 1133 5005 insignis
1155 4929 1205 4983 cst
1223 4918 1331 4984 multis
1353 4919 1466 4984 formis
1486 4919 1695 4985 Basmuricis.

469 5043 557 5110 Cod.
593 5047 720 5110 Tisch.
754 5046 828 5110 XX.
861 5047 1074 5133 bombycinus
1105 5046 1256 5111 foliorum
1287 5045 1345 5109 156
1372 5048 1405 5110 in
1435 5047 1497 5110 12⁰.
1552 5045 1686 5111 Missale
1719 5045 2000 5132 quadragesimale

361 5170 606 5256 Memphiticum
621 5172 798 5238 Arabicum
812 5175 983 5258 integrum.
