4756 6194
370 369 432 434 100

367 579 417 640 τοῦ
430 573 535 657 τρόπω
549 577 642 646 καλῶς
656 571 796 656 ώνόμασε·
811 570 858 637 καί
872 571 922 657 τὴν
936 573 1017 655 παρὰ
1031 573 1123 646 πόδας
1137 574 1273 638 τελεάοσιν
1288 570 1383 656 ε’πάγει
1397 572 1516 656 φάσκων
1522 573 1679 657 Ἐρρύσθην
1694 573 1723 637 ἐκ
1738 574 1878 656 στόματος
1891 576 2013 649 λεόυτος.

368 702 441 767 ἀλλά
456 699 503 765 καὶ
516 701 632 783 ῥύσεταί
642 727 675 784 με
689 697 780 781 κύριος
794 699 853 765 ἀπό
869 698 977 773 παντὸς
992 701 1070 784 ἔργου
1084 705 1205 784 πονηροῦ
1219 697 1266 765 καί
1280 700 1364 766 σώσει
1382 702 1421 774 εἰς
1439 699 1489 784 τὴν
1507 702 1650 785 βασιλείαν
1670 701 1755 767 αῦτοῦ
1774 702 1824 786 τὴν
1842 703 2013 786 ἐπουράνιον,

366 828 546 911 ῦπεμφαίνων
564 828 597 893 τὸ
618 830 779 910 παραυτίκα
797 827 958 911 μαρτύριον,
980 826 996 892 ὃ
1015 825 1063 892 καί
1081 828 1253 911 σαφέστερον
1272 829 1301 892 ἰν
1319 832 1353 910 τῇ
1371 828 1441 911 αὐτῇ
1455 828 1654 912 προσαγορεύει
1668 833 1761 912 γραφῇ
1775 831 1861 913 λέγων
1874 829 1944 914 Ἐγώ
1959 829 2014 914 γάρ

366 955 417 1041 ἥδη
432 957 595 1037 σπένδομαι,
611 952 658 1019 καί
672 955 688 1020 ό
704 954 800 1037 καιρὸς
813 960 862 1037 της
876 955 941 1038 ἐμῆς
956 954 1116 1027 ἀναλύσεως
1131 955 1284 1038 ι’φάιτηκεν.
1308 955 1552 1039 ἀπολογησάμενος
1565 958 1656 1021 τοίνυν
1669 954 1719 1039 τὴν
1732 957 1844 1040 πρώτην
1859 957 2014 1041 ἀπολογίαν

367 1081 415 1148 καὶ
430 1078 515 1157 αῦθις
530 1080 574 1146 ε’πί
588 1082 637 1167 την
652 1087 701 1147 τοῦ
715 1083 886 1166 κηρύγματος
901 1084 1043 1147 διακονιάν
1057 1081 1243 1163 στειλάμενος,
1263 1083 1324 1146 εἶτα
1338 1081 1423 1147 πάλιν
1437 1080 1469 1148 τῦ
1485 1083 1610 1165 δεύτερον
1624 1082 1723 1168 ἐπιβάς
1737 1089 1771 1164 τῇ
1784 1082 1876 1167 Ῥώμη
1895 1085 2013 1167 δέσμιος,

366 1209 414 1276 καί
429 1210 564 1283 ὡσαύτως
571 1212 684 1293 Νέρωνι
697 1207 876 1293 παραδοθείς
889 1209 938 1274 τόν
952 1209 999 1274 διὰ
1013 1212 1110 1292 ξίφους
1124 1214 1173 1273 τοῦ
1186 1212 1337 1292 μαρτυρίου
1350 1210 1489 1291 στέφανον
1504 1209 1659 1291 ἀνεδήσατο
1672 1207 1843 1293 μηνίἸουνιίρ
1856 1217 1920 1274 κθ’.
1941 1210 2010 1274 καθ’

366 1338 399 1422 ἢν
411 1337 514 1422 ἡμέραν
528 1335 575 1402 καί
591 1337 702 1419 Πέτρος
716 1337 896 1419 ἐσταυρώθη,
912 1337 1048 1420 καθάπερ
1062 1334 1110 1400 καί
1126 1337 1246 1419 Μάρκος
1260 1333 1307 1400 καί
1322 1341 1440 1409 Λουκᾶς
1454 1337 1480 1400 oi
1493 1335 1680 1420 εύαγγελισταί
1694 1335 1741 1402 καί
1754 1338 1887 1422 Ἰάκωβος
1901 1336 1917 1404 ό
1937 1337 2013 1401 ἀδελ·

366 1466 483 1549 φόθεος.
506 1465 521 1529 ό
537 1460 584 1530 οῦν
598 1470 716 1537 Λουκᾶς
730 1463 774 1528 ε’πί
789 1465 886 1536 ελαίας
899 1463 1079 1546 καρποφόρου
1094 1465 1283 1546 σταυρωθείς,
1302 1461 1541 1546 μηεύρισκομεόόυ
1555 1464 1636 1541 ξύλου
1651 1466 1733 1548 ξηροῦ
1748 1464 1819 1547 πρὸς
1833 1465 1866 1531 τό
1881 1467 2012 1550 γενέσθω

367 1592 488 1675 σταυρόν
507 1593 534 1655 εἰ·
554 1598 593 1671 τῷ
612 1592 702 1671 τόπῳ,
721 1592 817 1674 λαβών
831 1618 872 1663 τις
886 1590 919 1656 τὸ
934 1595 1017 1672 στῦμα
1031 1588 1078 1654 καὶ
1092 1592 1197 1673 μεταξύ
1210 1596 1321 1655 πολλνῦν
1334 1593 1469 1673 μνημείων
1483 1591 1593 1673 θάψας
1607 1590 1709 1674 ἄδηλον
1725 1593 1835 1674 ἐποίησε
1849 1591 1898 1657 τὸν
1912 1591 2012 1675 τάφον.

365 1727 422 1786 τῶν
437 1719 466 1785 δὲ
479 1725 618 1803 μαθητῶν
633 1717 843 1800 ἀναζητούντων
861 1720 1007 1800 μετέπειτα
1027 1717 1074 1782 καὶ
1093 1717 1129 1800 μὴ
1148 1717 1328 1801 εῦρισκόντων
1347 1718 1433 1784 αἰτοῦ
1451 1719 1500 1784 τὸν
1518 1718 1610 1800 τάφον
1629 1719 1676 1783 διά
1695 1718 1727 1784 τό
1746 1725 1858 1804 πλῆθος
1877 1725 1934 1785 τών
1951 1748 2012 1803 μνη

365 1850 471 1931 μάτων,
486 1847 533 1912 καί
548 1847 776 1929 προσευξαμείων
791 1846 884 1910 αἰτών
900 1842 1016 1929 (Coisl.
1028 1843 1257 1932 προσευξάμενοι)
1274 1850 1307 1928 τῇ
1321 1844 1396 1911 νυκτὶ
1412 1841 1519 1929 (1706.
1536 1844 1610 1910 add.
1627 1842 1726 1928 ἐκείνη)
1742 1848 1886 1932 κουλούρια
1903 1842 2010 1932 (1706.

366 1971 518 2058 κουλλοῦρ.)
534 1975 636 2058 βρίξας
652 1968 758 2056 (1706.
775 1968 894 2057 ἔβρεξεν)
912 1971 1012 2046 όθεός
1026 1972 1136 2054 ἰατρικά
1151 1974 1246 2037 ἐπάνω
1260 1978 1310 2038 τοῦ
1324 1973 1425 2056 τάφου,
1440 1973 1565 2058 σύμβολα
1579 1979 1628 2057 τῆς
1643 1973 1790 2058 ἐπιστήμης
1809 1975 1907 2049 αῦτοῦ,
1930 1980 2012 2058 δῆλον

366 2103 476 2184 ε’ποίησε
497 2100 546 2166 τὸν
567 2101 659 2182 τάφον
683 2095 790 2183 (1706.
807 2120 866 2184 pro
887 2104 968 2182 δῆλον
983 2108 1043 2163 etc.
1064 2097 1112 2164 καὶ
1131 2100 1160 2163 ἐκ
1177 2099 1276 2166 ναύτου
1294 2106 1344 2165 τοῦ
1362 2103 1474 2183 σημείου
1491 2103 1582 2185 γε’γονε
1600 2102 1732 2185 γνώριμος
1749 2101 1765 2167 ό
1784 2099 1898 2186 τάφος.)
1922 2097 1955 2167 οῦ
1979 2101 2012 2167 τό

365 2233 501 2311 λείψανον
515 2228 716 2299 Κωνστάντιος
737 2227 794 2300 υίὸς
808 2229 1025 2292 Κωνσταντίνου
1045 2227 1219 2309 ἀνακομίσας
1239 2230 1267 2292 ἐν
1281 2228 1575 2294 Κωνσταντινουπόλει
1593 2230 1748 2312 κατέθηκεν
1767 2230 1795 2294 ἕν
1814 2234 1854 2310 τῷ
1875 2233 1936 2309 ναῷ
1955 2233 2012 2293 τών

367 2357 545 2428 ἀποστόλων,
568 2352 599 2419 όν
617 2382 669 2437 περ
687 2355 860 2435 ώκοδόμησεν
879 2352 895 2419 ὁ
913 2354 1006 2438 πατὴρ
1025 2356 1110 2420 ιιῦτοῦ
1128 2356 1214 2438 μέγας
1232 2358 1447 2428 Κωνσταντίνος
1467 2350 1543 2439 (hoe
1563 2354 1723 2440 accentu).
1758 2355 1911 2420 Incidunt
1930 2354 2011 2420 haec

366 2494 512 2548 extrema
534 2484 567 2544 in
591 2480 641 2544 ed.
664 2479 804 2544 Cedreni
824 2480 928 2544 Paris,
952 2504 1026 2566 pag,
1047 2482 1125 2564 2123
1146 2482 1179 2544 in
1199 2481 1349 2546 editionis
1366 2481 1550 2547 Bonnensir
1565 2504 1640 2568 pag.
1656 2482 1728 2547 373.
1773 2481 1867 2562 Quae
1882 2483 2011 2555 veroin

367 2610 480 2675 codice
508 2609 551 2672 de
574 2606 716 2672 Iacobo
739 2609 842 2671 iusto
866 2618 1057 2694 sequuntur,
1074 2632 1113 2672 ea
1130 2607 1298 2674 cedrenus
1315 2608 1424 2694 paullo
1440 2619 1515 2673 anto
1529 2607 1584 2693 (cf.
1602 2609 1651 2674 ed.
1667 2609 1772 2674 Paris.
1788 2633 1863 2696 pag.
1879 2610 1952 2674 205.
1967 2608 2009 2693 (λς

356 2737 415 2802 'ed‚
432 2737 535 2800 Bonn.
551 2759 625 2822 pag.
642 2736 728 2819 360.)
749 2736 782 2797 in
800 2758 868 2798 rom
890 2759 981 2799 suam
1001 2737 1173 2819 convertit,
1197 2738 1359 2821 scriptura
1379 2759 1477 2822 saepe
1496 2746 1631 2818 mutata,
1649 2737 1863 2823 omnibusque
1880 2739 2010 2803 omissis

367 2887 448 2950 quae
465 2887 505 2927 ex
520 2862 593 2927 Iobi
608 2862 690 2926 libro
707 2861 843 2947 aliisque
858 2861 1044 2926 afferuntur.
1082 2863 1212 2948 Scripta
1226 2885 1304 2927 vero
1322 2873 1396 2927 sunt
1411 2864 1443 2926 in
1460 2864 1612 2930 chronico
1628 2865 1715 2930 hunc
1728 2867 1762 2930 in
1777 2866 1923 2932 modum:

469 2991 502 3056 Ὁ
517 2993 550 3055 δέ
561 3018 589 3074 γε·
606 2986 712 3073 (1706.
727 2992 825 3074 με’γας)
841 2990 972 3075 Ἰάκωβος
987 2990 1071 3074 ἁγνός
1084 2991 1217 3076 ῦπάρχων
1232 2992 1261 3055 ἐκ
1274 2994 1379 3064 κοιλίας
1392 2991 1494 3075 μητρός
1508 2994 1608 3066 αῦτοῦ,
1629 2995 1704 3059 οίνον
1717 2991 1766 3076 μὲν
1780 2993 1827 3059 καὶ
1846 2997 1942 3079 σίκερα
1961 2997 2011 3063 οῦκ

366 3121 439 3185 ἔπιεν
462 3117 524 3184 οῦδὲ
546 3120 669 3201 ἔμψυχον
692 3118 804 3201 ἔφαγεν,
827 3115 889 3182 οῦδὲ
909 3123 1047 3202 βαλανεαρ
1069 3145 1204 3204 εχρησατο
1241 3146 1278 3183 τα
1301 3126 1330 3183 δε
1353 3146 1459 3203 γονατα
1479 3120 1564 3186 αὐτοῦ
1583 3121 1776 3203 ἀπεσκληκότα
1795 3124 1870 3204 δίκην
1888 3124 2011 3207 καμήλου

366 3248 507 3332 γεγόνασιν
522 3246 551 3309 ἐκ
568 3251 617 3309 τοῦ
632 3243 675 3309 ἀεὶ
689 3243 822 3325 κάμπτειν
841 3242 885 3309 ἐπὶ
904 3246 967 3328 γόνυ
986 3243 1033 3309 καὶ
1052 3251 1092 3325 τῷ
1111 3251 1173 3325 θεῷ
1190 3256 1358 3329 προσκυνεῖν.
1381 3243 1451 3312 ὅθεν
1470 3246 1516 3310 διά
1536 3245 1585 3330 την
1603 3247 1755 3332 ῦπερβολην
1773 3254 1822 3332 τῆς
1840 3251 2011 3334 δικαιοσύνης

367 3375 452 3439 αἰτοῦ
465 3371 513 3437 καὶ
527 3377 696 3456 θαυμαστῆς
712 3373 851 3444 πολιτείας
866 3373 989 3436 ἐκαλεῖτο
1003 3375 1107 3445 δίκαιος
1121 3370 1168 3437 καί
1182 3373 1278 3458 όβλιάς
1294 3371 1353 3457 (ita
1370 3371 1485 3455 Coisl.,
1504 3374 1561 3457 όβλ
1580 3371 1700 3462 1706),
1720 3373 1737 3441 ό
1756 3376 1813 3441 ε’στι
1831 3376 1942 3461 περιοχὴ
1962 3383 2011 3443 τοῦ

365 3505 435 3566 λαοῦ
448 3498 496 3564 καὶ
510 3500 673 3581 δικαιοσύνη.
689 3494 720 3570 ὅς
736 3496 790 3583 (ab
807 3498 866 3562 hac
883 3498 958 3562 inde
975 3521 1055 3563 voce
1072 3498 1365 3564 cod.1706.0mnia
1381 3500 1499 3564 omittit
1512 3522 1616 3587 usque
1632 3501 1734 3566 verba
1745 3502 1803 3569 ἐπεὶ
1813 3497 1860 3570 οῦν
1874 3505 2012 3587 αἰδεσμιος

365 3627 412 3694 καί
427 3624 588 3712 σεβάσμιος)
610 3654 639 3710 γε
657 3626 784 3710 μεγάλων·
803 3624 850 3690 καί
869 3629 958 3691 θείων
977 3625 1103 3708 όράσεων
1122 3628 1281 3710 ἀξιούμενος
1294 3628 1415 3711 ἑώρακέν
1431 3653 1498 3692 ποτε
1512 3633 1666 3711 προφανῶς
1679 3629 1728 3694 τὸν
1743 3630 1871 3715 διάβολον
1884 3631 1934 3714 την
1947 3633 2008 3697 κατ’

366 3757 451 3822 αἰτοῦ
466 3756 642 3839 γενησομένην
655 3757 759 3838 μανίαν
773 3751 820 3818 καί
834 3756 995 3837 μιαιφονίαν
1008 3759 1064 3818 τῶν
1076 3755 1218 3820 Ἰουδαίων
1233 3755 1401 3820 ἀπειλοῦντα
1417 3751 1503 3839 (cod.
1512 3753 1591 3841 λῶν)
1610 3757 1638 3819 ἐν
1649 3756 1761 3836 ἐξαισίῳ
1772 3755 1819 3821 καὶ
1830 3760 2011 3842 φοβεροτάτρι

365 3883 493 3967 σχήματι,
509 3879 571 3963 περὶ
586 3876 617 3946 οῦ
632 3879 715 3964 φησὶν
729 3881 800 3964 πρὸς
813 3880 862 3946 τὸν
875 3881 939 3965 Ἰώβ
946 3878 970 3965 ¹)
988 3880 1003 3947 ό
1018 3882 1088 3955 θεός
1108 3882 1195 3956 ,Ἰδού
1210 3881 1242 3965 δν)
1256 3881 1273 3965 ἡ
1289 3882 1365 3966 ἰσχῦς
1381 3883 1466 3948 αἰτοῦ
1481 3883 1521 3947 ἐπ’
1540 3883 1634 3966 ὀσφύϊ·
1654 3883 1671 3965 ἡ
1687 3881 1717 3947 δί
1731 3885 1843 3966 δύναμις
1862 3885 1947 3950 αἰτοῦ
1967 3887 2008 3951 ἐπ’

364 4010 492 4092 ὀμφαλοῦ
506 4009 633 4093 γαστρός.
649 4009 760 4090 ἔστησεν
775 4005 861 4090 οῦράν
875 4007 915 4080 ὠς
929 4008 1113 4090 κυπάρισσον,
1128 4008 1165 4073 τά
1181 4007 1210 4074 δί
1224 4014 1308 4092 νεῦρα
1322 4010 1538 4091 σινμπεόιλεκται·
1561 4012 1592 4074 αἱ
1605 4008 1720 4093 πλευραὶ
1736 4012 1822 4076 αἰτοῦ
1834 4012 1974 4095 χάλκειοι,
1994 4012 2010 4096 ἡ

364 4135 394 4201 δὲ
407 4135 488 4220 ραχίς
502 4136 588 4200 αἰτοῦ
602 4135 784 4218 σιδηρόχντος.
807 4135 888 4201 τοῦτό
908 4136 980 4199 ε’στιν
1000 4134 1070 4219 ἀρχίγ
1088 4135 1254 4218 πλάσματος
1273 4139 1377 4220 κυρίου,
1400 4139 1580 4220 πεποιημένον
1599 4138 1861 4222 ε’γκαταπαίζεσθαι
1879 4139 1934 4205 ῦπὸ
1955 4145 2011 4204 τών

364 4265 486 4349 ἀγγελων
496 4263 588 4328 αἰτοῦ.
604 4262 741 4327 πέποιθεν
750 4259 778 4325 δι’
791 4260 833 4327 ότι
847 4261 1173 4346 προσκρούσειἸορδάνης
1187 4264 1226 4336 εἰς
1238 4263 1271 4329 τὸ
1286 4265 1377 4346 στόμα
1393 4264 1486 4340 αἰτοῦ,
1503 4265 1531 4328 ἐν
1546 4262 1575 4328 δί
1589 4269 1629 4344 τῷ
1644 4264 1787 4348 ὀφθαλμοῦ
1803 4266 1889 4331 αῦτοῦ
1904 4268 2011 4343 δι’ξεται

365 4392 456 4457 αῦτόν.
478 4395 538 4455 πάν
560 4386 589 4453 δὲ
607 4388 718 4455 πλωτὸν
737 4388 873 4454 συνελθὸν
892 4388 924 4453 οῦ
941 4388 978 4473 μη
998 4390 1124 4472 ἐνέγκωσι
1142 4390 1247 4474 βύρσαν
1264 4394 1331 4472 μίαν
1350 4392 1436 4473 οῦράς
1455 4391 1553 4465 αὐτοῦ,
1574 4389 1621 4455 καὶ
1640 4392 1673 4472 ἐμ
1692 4389 1755 4476 (sic
1771 4389 1890 4477 codex)
1905 4397 2012 4467 πλοίοις

364 4517 463 4585 ἀλιέων
477 4517 599 4600 κεφαλὴν
619 4517 711 4581 αὐτοῦ.
741 4518 782 4589 τίς
797 4516 973 4597 ἀποκαλύψει
992 4516 1143 4598 πρόσωπον
1162 4518 1294 4591 ε’νδίσεως
1314 4518 1413 4593 αἰτοῦς
1435 4519 1473 4591 εἰς
1492 4517 1522 4582 δὲ
1540 4519 1636 4595 πτύξιν
1655 4517 1791 4601 θώρακος
1810 4518 1895 4585 αύτοῦ
1914 4523 1956 4593 τίς
1975 4519 2011 4586 ἀν

363 4647 500 4720 ει’σιλθοι;
516 4644 605 4717 πύλας
619 4642 649 4707 δὲ
662 4643 813 4727 προσώπω
827 4643 913 4708 αὐτοῦ
927 4645 969 4715 τίς
984 4642 1101 4719 ἀνοίξεις
1120 4643 1208 4723 κύκλῳ
1223 4644 1343 4710 ὀδόντων
1358 4645 1443 4709 αἰτοῦ
1457 4645 1552 4729 φόβος.
1574 4642 1612 4711 τά
1627 4642 1657 4709 δὲ
1671 4645 1775 4729 ἔγκατα
1791 4647 1877 4712 αἰτοῦ
1895 4648 2012 4720 ἀσπίδες

361 4780 475 4857 χαλκαῖ·
505 4773 533 4835 ἐν
561 4776 680 4855 πταρμῷ
706 4771 791 4836 αὐτοῦ
817 4770 1015 4853 ε’πιφαύσκεται
1042 4767 1217 4856 (descripsi
1244 4767 1388 4855 ε’πιφάσκ.)
1415 4774 1526 4856 φέγγος·
1552 4773 1579 4837 οἱ
1604 4770 1633 4837 δὲ
1658 4770 1807 4856 ὀφθαλμοὶ
1833 4775 1918 4841 αἰτοῦ
1939 4777 2010 4847 εἶδος

363 4900 519 4983 ἑωσφόρον,
549 4900 578 4963 ἔκ
605 4899 744 4981 στόματος
771 4897 856 4963 αῦτοῦ
883 4897 1077 4979 ε’κπορεύοιται
1101 4898 1246 4980 λαμπάδες
1274 4899 1428 4980 κιιιόμεναι,
1458 4897 1505 4964 καί
1535 4905 1742 4982 διαριπτοὶτται
1771 4902 1887 4985 ε’σχάραι
1915 4901 2009 4983 πυρός.

363 5026 392 5090 ἐκ
417 5025 560 5110 μικτηρων
587 5026 672 5092 αἰτοῦ
699 5026 872 5108 ἐκπορεύεται
896 5024 1003 5097 καπνὸς
1028 5028 1144 5106 καμίνου
1170 5026 1325 5108 καιομένης,
1355 5024 1403 5090 καί.
1429 5024 1494 5108 πυρί
1521 5026 1677 5110 ἀνθράκων
1697 5026 1713 5110 r}
1736 5027 1812 5112 ψυχίγ
1841 5023 1926 5112 (eod.
1951 5025 2007 5112 χλ)

466 5171 485 5230 ¹)
499 5165 541 5220 Cf.
553 5166 613 5222 Iob.
627 5185 689 5238 cap.
701 5167 755 5220 XL
769 5173 798 5221 et
809 5165 884 5220 XLI.
910 5166 1018 5220 Textus
1031 5166 1158 5221 chronici
1170 5167 1253 5236 plura
1264 5166 1351 5221 habet
1363 5168 1451 5238 digna
1462 5168 1610 5224 notatione
1624 5168 1731 5222 critica.
