4756 6194
1932 412 1972 476 83

332 618 478 706 χρύυονλ)
502 621 587 694 αύτός
593 617 619 705 ¹)
640 625 731 685 ταῦτα
751 618 876 691 ἀκούσας
894 620 1063 701 ἀπεκρίνατο
1080 617 1125 683 Σύ
1140 620 1165 683 εἰ
1179 614 1228 701 μὲν
1247 620 1389 702 ἱστορήσω
1407 617 1444 683 τὰ
1458 617 1576 701 ήμεόιρα
1594 615 1642 682 καὶ
1659 626 1764 700 μαθεῖν
1781 614 1815 680 τὸ
1836 617 1974 698 συμφέρον

333 752 440 823 θελεις,
462 749 579 832 ι’ξαυτής
598 775 643 829 μοι
664 743 750 831 (cod.
765 743 812 832 με)
828 746 1012 829 σύμπλευσον·
1034 743 1101 810 εἰδὲ
1115 742 1179 829 023³)
1195 742 1328 831 finiieffl),
1351 745 1445 810 ελθών
1460 745 1571 826 ε’πιστής
1584 743 1661 827 ήμῖνς
1683 743 1735 826 ἐγώ
1749 742 1803 826 γὰρ
1818 741 1912 825 αύριον
1926 768 1973 808 πο

332 873 505 961 ρεύσωμαιῧ)
522 873 567 940 ἐπὶ
581 875 619 940 τὰ
634 876 760 958 ἐμαυτοῦ.
789 873 837 939 καί.
852 874 884 958 δή
900 871 1083 956 ἀδυσώπητον
1097 872 1163 937 ίθών
1178 878 1318 956 συνήλθον
1332 873 1409 953 αύτή
1422 873 1498 956 μέχρι
1511 876 1561 936 τού
1574 873 1681 953 λιμένος
1696 877 1756 934 etc.

438 1001 604 1084 Homil.1,
622 1002 670 1066 17.
687 997 743 1087 (ef.
761 1001 811 1065 ed.
827 1000 942 1064 Dress.
958 1022 1032 1086 pag.
1048 998 1115 1086 40.)
1131 997 1178 1064 καὶ
1192 1002 1224 1074 εί,
1239 1003 1269 1065 τί
1279 1002 1352 1064 ποτέ
1361 1001 1434 1065 ἐστιν
1448 1001 1554 1065 δίκαιον
1568 996 1615 1063 καὶ
1630 994 1778 1081 οἱρίσκονΰ)
1794 1002 1868 1078 θεῷ·
1890 995 1938 1061 καὶ
1951 998 1977 1061 εἰ

331 1133 441 1217 γε’γουετ
454 1128 470 1198 ὀ
485 1127 631 1216 κόσμοςῚ),
646 1126 693 1194 καλ
708 1130 754 1194 θεοὶ
768 1131 799 1194 τί
809 1130 911 1213 γίγονε·
931 1127 978 1193 καὶ
993 1130 1018 1193 εἰ
1031 1128 1063 1192 ού
1076 1127 1241 1211 λυθήσεται,
1256 1124 1303 1190 καὶ
1317 1128 1343 1190 εί
1354 1125 1518 1209 λυθήσεται·
1533 1125 1580 1191 καὶ
1595 1127 1621 1190 εἰ
1632 1128 1761 1208 κρείττων
1776 1126 1867 1199 ἔσται,
1881 1124 1898 1208 ἢ
1913 1122 1975 1190 οὐδὲ

334 1258 425 1325 ἔσται·
439 1255 488 1322 καί
502 1255 598 1341 ἵναμή
613 1256 645 1322 τό
660 1257 720 1321 κατ’
738 1258 810 1328 είθος
823 1257 901 1339 λίγα,
917 1255 1008 1322 caiani
1022 1282 1051 1319 τε
1057 1252 1084 1340 8)
1099 1251 1148 1318 καὶ
1162 1254 1200 1318 τοὶ
1213 1254 1319 1325 τούτοις
1332 1253 1453 1334 ἑπόμενα
1466 1263 1571 1335 μαθεῖν
1585 1250 1730 1337 ήθελονθ).
1752 1251 1809 1317 ini
1818 1253 1926 1334 Πέτρος
1935 1249 1973 1336 ¹⁰)

334 1384 406 1468 πρὸς
418 1389 512 1449 ταύτα
527 1383 697 1467 ἀπεκρίνατο
713 1383 866 1466 Συντύμως
879 1408 932 1457 σοι,
947 1377 970 1446 ὦ
984 1383 1084 1465 Κλήμη
1093 1377 1141 1464 ¹¹),
1156 1379 1205 1465 τήν
1219 1385 1276 1445 τῶν
1290 1378 1378 1446 ὄντων
1393 1385 1491 1463 γνῶσιν
1505 1381 1670 1463 παρίξομαι·
1686 1377 1785 1445 καὶτὰ
1799 1383 1847 1443 νύν
1860 1379 1976 1462 ἐξαυτῆς

333 1509 461 1578 ἄκουσον.
505 1508 628 1575 XVIII.
646 1503 692 1575 ‘H
702 1514 752 1576 τού
764 1516 837 1576 θεοῦ
851 1509 934 1594 βουλή
949 1510 977 1573 ἐν
993 1509 1085 1593 ἀδήλῳ
1100 1510 1190 1593 γε’γονε
1205 1507 1279 1573 κατὰ
1294 1506 1412 1579 πολλοὺς
1426 1507 1546 1590 τρόπους
1559 1517 1618 1579 τοῖς
1633 1507 1797 1588 ἀνθρώποις
1804 1504 1853 1591 ¹¹).
1875 1504 1975 1589 τὰμὲν

334 1643 435 1723 πρῶτα
448 1636 495 1703 θεοὶ
509 1634 543 1704 τό
556 1641 733 1721 κρατηθῆναι
747 1635 894 1722 αύτούςη)
910 1637 1046 1721 εἰσαγωγῇ
1061 1642 1145 1718 κακή,
1164 1637 1317 1719 συντροφία
1330 1638 1452 1718 πονηρᾷ,
1474 1635 1610 1717 συνηθείᾳ
1629 1640 1713 1717 δεινῇ,
1736 1633 1827 1717 ὁμιλίᾳ
1846 1634 1878 1698 ού
1895 1638 1974 1716 καλή,

334 1765 471 1850 προλήψει
485 1765 535 1830 ούκ
548 1764 637 1848 ὀρθῇ·
651 1763 700 1829 καὶ
710 1761 746 1850 ¹¹)
763 1764 809 1830 διὰ
823 1770 916 1829 ταῦτα
929 1764 1029 1846 πλάνη,
1046 1764 1141 1828 ἔπειτα
1150 1760 1188 1850 ¹⁵)
1205 1764 1326 1848 ἀφοβιά,
1342 1763 1471 1835 ἀπιστία,
1486 1764 1614 1845 πορνεία,
1629 1763 1809 1845 φιλαργυρία,
1824 1761 1974 1838 κενοδοξία,

335 1889 383 1958 καὶ
397 1891 471 1959 &sa
485 1895 603 1958 τοιαῦτα
616 1889 691 1958 κακοὶ
705 1889 845 1977 μυρίαλθ).

439 2017 559 2083 Homil.
575 2017 619 2102 II,
637 2020 664 2082 1.
682 2015 738 2104 (cf.
752 2019 802 2085 ed.
812 2018 926 2082 Dress.
940 2040 1014 2104 pag.
1023 2017 1089 2099 45.)
1104 2016 1152 2082 καὶ
1166 2015 1272 2100 μαθών
1286 2015 1335 2081 τὸν
1351 2019 1462 2099 Πέτρον
1476 2016 1644 2100 ἐγρηγορότα
1658 2013 1705 2079 καὶ
1719 2026 1777 2088 τοῖς
1791 2022 1901 2083 συνοῦσι
1913 2013 1977 2099 περὶ

336 2148 486 2230 θεολογίας
493 2142 532 2231 ¹⁷)
548 2146 745 2231 διαλεγόμενον,
761 2147 787 2212 οἳ
800 2141 872 2229 ήσαν
887 2147 953 2210 oria
968 2143 1016 2211 καί
1030 2143 1117 2231 ίξλῧ),
1132 2140 1171 2209 ὧν
1186 2144 1283 2210 καὶτὰ
1299 2144 1425 2227 ὀνόματα
1432 2140 1470 2228 19)
1488 2143 1606 2227 ίκθήναι
1619 2142 1819 2227 ἐβουλευσάμην
1825 2140 1865 2228 ²⁰)
1881 2183 1890 2193 ·
1905 2184 1914 2194 -
1929 2140 1976 2207 καὶ

336 2273 474 2357 Λάζαρος
488 2273 504 2340 ὁ
518 2274 615 2356 ἱερεύς,
631 2273 664 2340 ὀν
678 2274 826 2357 ἀνίστησιν
841 2275 870 2337 ἐκ
884 2278 986 2356 νεκρῶν
1000 2274 1183 2356 τετραήμερον
1196 2271 1212 2338 ὀ
1227 2272 1317 2356 κύριος
1331 2270 1406 2354 ήμῶν
1419 2270 1522 2354 Ἰρσούς
1536 2269 1551 2336 ὁ
1567 2267 1748 2354 Χριστόςὲλ).

441 2400 560 2465 Homil.
576 2399 624 2482 II,
639 2400 679 2464 21
697 2422 744 2485 sq.
762 2397 817 2484 (cf.
835 2399 883 2464 ed.
900 2399 1014 2463 Dress.
1030 2422 1061 2486 p.
1078 2396 1143 2484 57.)
1161 2401 1186 2466 οἱ
1200 2398 1229 2463 ni
1243 2399 1292 2465 τὸν
1306 2398 1377 2464 θεὸν
1389 2396 1592 2480 μαρτυροίμειόι
1610 2394 1692 2479 μηδὲν
1709 2398 1878 2480 ψεύσασθαι
1897 2397 1976 2473 ἐξετί-

336 2538 430 2593 θευτο.
453 2523 539 2613 ὦνῃ)
555 2534 666 2612 πρῶτος
680 2527 695 2594 ὁ
709 2528 839 2601 Ἀκύλας
853 2527 957 2611 ήρξατο
970 2528 1054 2610 λέγειν
1069 2524 1163 2599 ούτως.

442 2653 560 2718 Homil.
576 2654 618 2736 Π,
635 2655 686 2718 27.
703 2652 758 2737 (cf.
774 2655 889 2718 Dress.
905 2676 979 2739 pag.
996 2653 1062 2741 62.)
1091 2658 1192 2720 Ταῦτα
1206 2657 1257 2719 τοῦ
1270 2652 1375 2718 Ἀκύλα
1390 2653 1515 2724 εἰπόντος
1529 2651 1544 2717 ὀ
1559 2649 1680 2734 ἀδελφὸς
1695 2650 1910 2733 αύτούΝυιήτης
1924 2652 1976 2734 ἔφη

335 2781 503 2864 Ἀναγκαῖόν
518 2780 603 2855 ἔστιν,
619 2779 720 2864 ἀθελφὲ
734 2781 811 2865 ήμῶν
825 2778 984 2866 Κλήμηῃ),
1000 2781 1037 2846 τὰ
1052 2781 1285 2864 πιεραλειφθελιτα
1298 2785 1338 2860 τῷ
1351 2780 1455 2862 Ἀκύλρ
1471 2776 1516 2861 ἐμὲ
1528 2773 1738 2861 ύπομνήσαιῖλ).

403 3011 420 3071 ¹)
434 3005 482 3061 Sin
500 3008 589 3062 codex
606 3012 719 3076 nostro,
737 3007 837 3062 addita
853 3014 922 3063 not-a
938 3007 968 3060 in
980 3006 1121 3078 margine:

337 3111 377 3162 γρ.
388 3097 453 3159 βίον.
478 3091 540 3147 Cot.
553 3099 582 3147 et
593 3093 644 3147 Dr.
656 3099 723 3161 βίον,
737 3094 787 3146 sed
801 3110 835 3147 ex
847 3093 923 3162 Epir.
935 3093 1029 3164 χρόνον
1045 3109 1121 3145 assu-

338 3179 471 3232 mendum
484 3195 547 3232 esse
560 3177 616 3231 iam
627 3178 762 3232 Davisius
776 3184 932 3231 monuerat.

400 3266 420 3328 2)
433 3261 495 3317 Cot.
509 3269 538 3317 et
549 3263 599 3317 Dr.
611 3263 625 3317 ὁ
639 3267 665 3317 δι’
676 3281 727 3334 pro
741 3262 827 3322 αίσός.

401 3351 420 3414 ³)
434 3346 496 3401 Cot.
510 3353 537 3402 et
548 3348 598 3403 Dr.
610 3349 655 3418 μή.
679 3348 752 3402 Item
763 3348 895 3417 Epitome
908 3346 987 3400 XIII.

401 3434 423 3505 4’)
441 3433 467 3486 A
483 3435 571 3501 βούλει
587 3435 681 3504 priore
697 3434 734 3487 ad
750 3435 839 3500 βούλει
854 3434 972 3487 alterum
990 3431 1122 3485 librarius

339 3517 528 3573 transilivisse
544 3519 668 3586 videtur,
685 3520 709 3572 si
725 3518 853 3572 videmus
870 3523 977 3571 textum
990 3515 1123 3571 cotelerii

341 3609 369 3656 et
380 3601 528 3657 Dresselii.
546 3603 590 3656 Ibi
605 3605 678 3658 enim
692 3604 832 3675 sequitur:
848 3601 883 3655 πολ
896 3603 962 3654 ἄλλα
974 3611 1069 3670 σημεῖα
1080 3605 1124 3669 νής

339 3687 458 3754 οἰκήσεώς
468 3709 521 3757 μου
533 3694 576 3742 καί
588 3680 621 3741 ὧν
633 3693 717 3747 θέλεις
728 3688 775 3754 Irni
788 3709 830 3742 σοι
842 3689 952 3758 σήμερον
961 3692 1016 3758 ίρῶ,
1029 3689 1071 3739 ίνα
1081 3684 1122 3738 ὅτε

357 3773 433 3825 ούλει.

337 3777 356 3839 β
402 3861 423 3920 ⁸)
435 3879 454 3909 ω
467 3874 553 3928 supra
566 3858 702 3927 scriptum
714 3857 803 3914 habet
815 3880 838 3911 ο.
857 3856 918 3911 Cot.
929 3863 958 3911 et
967 3856 1016 3911 Dr.
1026 3855 1123 3926 πορεύ-

337 3962 426 4011 σομοικ

401 4032 422 4092 ⁶)
433 4032 477 4080 καὶ
489 4027 597 4097 ἀρέσκον
608 4025 674 4097 (hoe
687 4033 808 4082 accentu
822 4027 882 4099 ipse
894 4026 1008 4098 codex):
1023 4024 1084 4081 Cot.
1095 4030 1124 4080 et

338 4111 388 4168 Dr.
401 4112 417 4180 ή
428 4112 536 4184 ἀρέσκον
547 4111 607 4177 (Dr.
619 4113 716 4181 αἵρεον.)

401 4202 420 4261 ⁷)
434 4195 495 4252 Cot.
509 4204 536 4252 et
549 4197 597 4252 Dr.
609 4202 694 4262 γέγονε
707 4198 811 4267 κόσμος.

401 4289 421 4349 ⁸)
432 4283 478 4338 lta
491 4300 554 4337 eum
568 4281 775 4350 Ottoboniano3
788 4281 878 4336 Paris.
891 4299 945 4335 om.
957 4301 994 4333 τε.

400 4372 420 4433 ⁹)
433 4368 478 4421 Its
495 4385 559 4422 eum
576 4367 723 4439 Epitome3
742 4365 804 4422 Coi.
823 4372 852 4420 et
868 4366 918 4422 Dr.
935 4373 1034 4435 μαθεῖν
1050 4365 1124 4417 εἶπον

338 4456 431 4506 θίλειυ.

390 4541 419 4604 ¹⁰)
433 4538 544 4593 Nomen
559 4539 659 4607 Πίερος
676 4537 752 4606 apud
770 4534 832 4590 Cot.
850 4542 879 4590 et
894 4535 944 4590 Dr.
963 4536 1049 4590 deest.
1080 4533 1123 4588 cf.

339 4622 480 4678 variantes
494 4621 632 4677 lectiones
645 4622 682 4676 ad
693 4621 770 4691 Epis.
783 4621 823 4675 16.
837 4626 959 4675 notatas.

391 4709 422 4776 ¹¹)
435 4707 480 4762 lta
492 4723 556 4760 eum
567 4707 715 4776 Epitome3
729 4705 790 4761 Cot.
803 4711 833 4760 et
844 4705 893 4759 Dr.
906 4697 924 4758 αλ
936 4706 1051 4775 Κλήμης.

392 4791 664 4864 1’)τοῖςιίνθρυίποιςτ
676 4792 717 4846 ita
730 4809 793 4845 eum
801 4791 947 4861 Epitome3
962 4789 1023 4846 Cot.
1034 4796 1063 4845 et
1072 4789 1122 4843 Dr.

339 4877 480 4931 omittunt.

390 4964 419 5027 ¹³)
432 4961 478 5015 Ita
489 4979 585 5016 rursus
599 4978 662 5015 eum
673 4961 814 5031 Epitome,
826 4961 880 5015 nisi
891 4961 967 5032 quod
979 4965 1069 5030 πρῶτα
1077 4964 1124 5029 μέν

339 5065 389 5117 pro
402 5045 437 5099 τὰ
448 5067 476 5116 μ.
488 5066 532 5117 πρ.
543 5046 639 5102 habet.
670 5046 732 5102 Cot.
745 5063 812 5101 vero
826 5052 855 5099 et
866 5045 916 5099 Dr.
929 5045 1063 5099 omittunt
1079 5046 1123 5098 διὰ

335 5133 367 5185 vd
381 5152 418 5202 ιρ.
431 5131 488 5186 σία.
517 5131 613 5205 Atque
625 5132 675 5187 ille
688 5132 804 5204 quidem
815 5130 910 5201 pergit
922 5131 1048 5198 εἰσαγωγὴ
1060 5132 1123 5198 κακή

337 5234 428 5288 usqne
440 5219 568 5289 πρόληψις
581 5216 626 5270 σία
638 5216 724 5287 ὀρθηγ
737 5217 766 5270 in
777 5216 840 5271 eod.
849 5233 916 5271 vero
928 5214 1122 5271 Ottobonieno

1193 3005 1324 3077 pergitur
1335 3008 1461 3077 εἰσαγυγή
1472 3008 1535 3076 κοινή
1547 3010 1702 3075 συντροφίας
1713 3007 1837 3074 πονηρᾶς,
1849 3010 1977 3074 συνηθείᾳ

1195 3093 1269 3162 δεινή,
1282 3088 1324 3159 ὀμ.
1337 3089 1368 3142 ού
1379 3093 1455 3160 καλή,
1468 3090 1597 3160 προλήψει
1608 3089 1653 3143 eim
1665 3089 1742 3160 ὀρθή.

1246 3181 1277 3238 ¹⁴)
1289 3181 1334 3228 καί
1344 3192 1407 3229 cum
1420 3176 1566 3245 Epitome3
1580 3174 1641 3231 Cot.
1654 3182 1683 3230 et
1693 3175 1743 3230 Dr.
1756 3174 1900 3228 omittunt.

1247 3261 1277 3331 ¹⁵)
1290 3265 1378 3313 inrisa
1391 3278 1454 3314 eum
1467 3261 1612 3330 Epitome3
1625 3258 1686 3314 Cot.
1700 3266 1728 3314 et
1738 3259 1789 3314 Dr.
1802 3260 1942 3314 omittunt.

1248 3344 1353 3416 10)(λοί.
1372 3351 1400 3400 et
1415 3346 1465 3400 Dr.
1476 3366 1536 3415 μορ.
1549 3346 1623 3397 κακά.
1652 3345 1783 3415 Epitome
1800 3360 1881 3413 vero,
1900 3349 1976 3413 post·

1196 3447 1280 3503 quam
1301 3448 1352 3499 pro
1373 3430 1555 3485 nominativis
1577 3430 1661 3499 πλάνη
1678 3428 1777 3496 ἀφορία
1795 3436 1848 3483 ete.
1866 3429 1976 3483 dativos

1196 3513 1297 3569 habuit
1306 3515 1390 3586 πλάνη
1400 3515 1498 3583 ἀφοβίρ
1508 3521 1562 3569 etc.
1572 3515 1677 3587 pergit:
1691 3518 1734 3567 καὶ
1743 3514 1829 3572 ἄλλοις
1837 3515 1976 3575 τοιαύταις,

1195 3601 1214 3653 δι’
1226 3601 1258 3669 θη
1269 3600 1408 3671 παθάπερ.

1247 3686 1331 3748 17)Ιεει
1341 3702 1404 3739 cum
1416 3683 1624 3751 Ottobonian03
1636 3683 1717 3737 Paris
1726 3688 1887 3750 θεοσεβείας,
1898 3685 1975 3754 quod

1195 3771 1224 3823 in
1242 3771 1332 3824 nostri
1350 3770 1458 3823 codicis
1471 3769 1598 3840 margine
1611 3768 1640 3821 in
1652 3768 1728 3822 hune
1740 3768 1854 3822 modum
1870 3769 1976 3822 adseri-

1194 3855 1285 3908 bitur:
1297 3874 1336 3925 γρ.
1348 3858 1392 3906 καί
1404 3859 1563 3922 θεοσεβείας.
1580 3854 1676 3907 Etiam
1685 3853 1760 3924 Epis.
1769 3854 1810 3907 ⁶20.
1825 3858 1976 3922 θεοσεβείας

1194 3946 1297 3993 tuetur.

1246 4029 1275 4087 ¹¹)
1289 4022 1351 4077 Cot.
1371 4030 1400 4079 et
1416 4023 1466 4077 Dr.
1480 4025 1614 4078 omittunt
1628 4029 1679 4077 καί.
1702 4023 1777 4093 Epit.
1790 4027 1920 4076 ίιεπαίθεκα
1931 4023 1977 4076 τόν

1195 4109 1319 4180 ἀριθμόν.

1246 4200 1276 4261 ¹⁰)
1290 4193 1350 4249 Cot.
1361 4200 1391 4249 et
1399 4194 1449 4247 Dr.
1460 4193 1570 4248 addunt
1580 4193 1611 4253 ὥς
1621 4196 1728 4248 ίιιοιστον
1740 4191 1848 4256 (ottob.
1856 4193 1975 4257 ἑκάστου)

1194 4283 1249 4348 ίξής
1260 4279 1355 4351 χρόνου
1365 4280 1470 4349 μαθών.
1492 4279 1567 4332 Tum
1578 4279 1664 4333 iidem
1676 4286 1797 4332 ἐκθεῖναι.

1245 4368 1275 4431 ²⁰)
1293 4365 1349 4418 Pro
1367 4363 1411 4418 his
1428 4363 1573 4435 Epitome:
1594 4358 1628 4417 ὧν
1642 4364 1735 4418 καὶτὰ
1751 4363 1787 4416 ὀν.
1815 4367 1864 4417 είσι
1877 4367 1976 4416 ταῦτα·

1194 4455 1326 4515 Ζακχαῖος
1338 4454 1391 4504 ete.

1244 4536 1276 4605 91)
1286 4535 1366 4588 Haec
1378 4533 1530 4588 admodum
1540 4534 1711 4588 conveniunt
1721 4550 1784 4586 cum
1793 4533 1924 4602 Epitome
1934 4534 1976 4601 20,

1195 4619 1249 4673 nisi
1263 4620 1340 4690 quod
1353 4617 1367 4672 ὁ
1381 4628 1446 4674 ante
1461 4619 1574 4689 Χριστός
1591 4618 1709 4684 omittit3
1727 4615 1789 4671 Cot.
1801 4634 1869 4672 vero
1886 4623 1915 4672 et
1925 4618 1975 4671 Dr.

1196 4705 1233 4759 ad
1244 4705 1366 4775 Λάζαρος
1378 4703 1450 4757 nihil
1463 4705 1573 4758 addunt
1584 4710 1697 4772 praeter
1708 4706 1734 4754 oi
1745 4707 1824 4771 ίερεῖς.

1246 4789 1279 4860 ²¹)
1292 4780 1337 4841 ὧνε
1351 4787 1413 4844 Cot.
1427 4795 1455 4843 et
1467 4788 1517 4844 Dr.
1530 4787 1569 4846 ὡς.
1593 4787 1724 4842 Ceterum
1737 4786 1773 4841 ab
1786 4786 1831 4839 his
1843 4787 1976 4855 Epitome

1194 4873 1264 4927 satis
1282 4873 1395 4936 differt,
1412 4874 1498 4927 habet
1515 4873 1589 4927 enim
1602 4877 1628 4924 σί
1639 4875 1665 4924 θλ
1675 4892 1699 4924 τ.
1712 4880 1743 4925 θ.
1751 4893 1779 4940 μ.
1790 4875 1869 4941 μηδὲν
1879 4892 1976 4943 παρετ·

1194 4963 1275 5011 κλῖναι
1286 4963 1331 5026 τής
1343 4957 1480 5025 ἀληθείας,
1492 4956 1558 5010 οίτω
1566 4956 1601 5010 τοὶ
1610 4957 1663 5010 κατ’
1675 4957 1755 5010 αὐτὸν
1764 4960 1917 5016 ίξετίθειτο.
1932 4962 1976 5011 καί

1194 5048 1294 5114 πρῶτος
1307 5049 1359 5098 etc.

1244 5133 1275 5192 ²³)
1289 5127 1385 5183 Codex
1397 5129 1500 5197 Κλήμη.
1524 5126 1585 5182 Cot
1598 5133 1626 5182 et
1638 5126 1687 5182 Dr.
1700 5127 1815 5196 Κλήμης.

1245 5217 1275 5279 24)
1290 5212 1333 5267 ef.
1346 5212 1466 5268 adhaec
1480 5213 1553 5284 Epir.
1565 5213 1606 5268 28.

1623 5337 1671 5385 11·
