4756 6194
473 595 558 661 Μετά
577 592 606 659 δέ
624 596 767 660 Κλαίδιον
785 595 947 679 ἐβασίλευσε
960 595 1063 677 Νέρων
1079 591 1185 677 (1706.
1201 591 1275 657 add.
1291 590 1321 679 6)
1341 593 1399 666 υἱός
1418 593 1503 659 αὐτοῦ
1518 593 1563 676 ἐτη
1578 599 1624 657 ιδ’·
1645 585 1751 675 (1706.
1768 589 1880 655 addita
1894 589 2005 655 habet:

366 725 398 798 ὃς
419 723 609 805 πονηρότατος
629 720 677 786 καί
694 723 795 805 λάγνος
816 719 855 787 ῶν
873 720 923 804 τήν
940 723 1045 804 μητέρα
1062 718 1111 785 καί
1129 720 1179 804 τήν
1195 720 1315 805 μνηστήν
1331 720 1436 785 ἀνελών
1455 721 1582 806 είννοῦχον
1601 720 1707 803 ἔγημεν·
1730 712 1810 791 οῦτος
1831 717 1924 783 ἀνεῖλε
1943 718 2008 792 τοῦς

366 851 538 922 ἀποστόλους
546 852 657 932 Πέτρον
671 847 718 914 καί
727 854 845 915 Παῦλον
860 845 934 933 etc.)
952 848 993 931 ἐφ’
1007 843 1145 931 οῦΣίμων
1158 847 1174 914 6
1187 848 1277 932 μάγος
1288 847 1382 912 ἐλθών
1396 848 1424 912 ἐν
1436 846 1528 930 Ῥώμη
1542 844 1589 911 καί
1603 847 1694 912 πολλοὶ
1709 857 1808 930 σημεῖα
1821 844 1868 910 διά
1882 847 2008 929 γοητείας

365 977 412 1044 καί
431 979 592 1061 φαντασίας
609 975 687 1049 τινά,Ι
707 977 838 1041 ἐπιτελῶν
855 971 961 1058 (1706.
978 971 1107 1060 ἐκτελῶν)
1128 973 1176 1039 καὶ
1195 976 1295 1041 ἑαυτὸν·
1314 974 1385 1041 θεὸν
1405 975 1557 1057 ὀνομάζων.
1576 971 1624 1038 καί
1637 979 1687 1039 τοῦ
1700 974 1818 1058 μεγάλου
1834 974 1944 1057 Πέτρου
1958 972 2007 1056 τήν

364 1107 478 1189 Ῥώμην
492 1103 556 1170 τότε
570 1104 781 1188 καταλαβόντος
795 1100 842 1167 καί
856 1102 927 1187 πρὸς
940 1103 989 1169 τόν
1002 1103 1092 1186 μάγον
1106 1102 1282 1175 ἀπελθόντος
1296 1098 1355 1185 εῦρε
1366 1102 1435 1167 κίνα
1449 1103 1616 1186 παμμεγεθη
1630 1103 1769 1184 δεδεμένον
1780 1099 1907 1168 άλίσεσιν
1921 1101 1949 1164 ἐν
1967 1105 2007 1180 τώ

364 1239 479 1300 πυλῶνι·
502 1233 534 1298 ὃν
548 1231 564 1297 ό
583 1235 680 1313 Σιμων
694 1232 832 1314 δεσμήσας
847 1229 979 1295 ἐκώλυσεν
995 1226 1102 1314 (1706.
1119 1227 1247 1313 ἐκώλυεν)
1264 1231 1375 1303 πάντας
1392 1229 1440 1303 οῦς
1458 1229 1506 1295 οῦκ
1525 1228 1610 1314 ἤθελε
1629 1228 1699 1313 πρὸς
1718 1229 1804 1295 αἰτόν
1821 1230 1938 1294 εἰσιέναι.
1960 1225 2007 1293 καί

364 1367 445 1427 τοῦτο
464 1353 496 1443 ήν
516 1364 627 1442 πρώτω·
646 1363 748 1441 θαῦμα
762 1363 802 1437 τῴ
818 1354 924 1442 (1706.
941 1356 1015 1421 add.
1037 1359 1139 1441 Πέτρην
1155 1354 1210 1443 τῷ)
1232 1357 1357 1440 μελλοντι
1378 1356 1449 1440 πρὸς
1466 1358 1585 1439 Σίμωνα
1606 1358 1789 1440 ω’σερχεσθαι.
1811 1354 1827 1422 6
1849 1353 1878 1419 δέ
1897 1357 2008 1438 Πέτρος

365 1489 431 1555 ἰδών
445 1489 494 1554 τόν
508 1487 578 1553 κῦνα
592 1484 664 1551 σῦτω
678 1487 764 1568 μέγαν
778 1482 825 1548 καὶ
840 1485 1054 1569 ἀπηγριωμένα,
1069 1482 1117 1549 καί
1130 1484 1237 1566 μαθών
1250 1482 1294 1551 ὅτι
1306 1484 1426 1557 πολλοῦς
1440 1485 1549 1548 ἀνεῖλεν
1563 1484 1790 1568 ἐπιχειρήσαντας
1802 1484 1937 1548 α’σελθεῖν
1951 1482 2006 1564 πρὸ

365 1623 413 1701 τής
435 1617 583 1699 ἐπιτροπῆς
601 1614 743 1696 Σιμωνος,
766 1613 908 1695 κρατήσας
927 1611 1019 1677 ἔλυσεν
1038 1612 1124 1679 αἰετὸν
1142 1614 1229 1696 λέγων
1246 1610 1368 1678 Εἰσελθε
1385 1611 1457 1693 πρός
1474 1613 1592 1695 Σίμωνα
1610 1610 1658 1675 καί
1675 1609 1734 1676 εἰπέ
1749 1611 1825 1691 αῦτηῦ
1840 1610 2006 1694 ἀνθρωπίνη

365 1749 444 1829 φωνή
459 1740 600 1824 Πέτροςῦ
619 1745 716 1813 δοῦλος
730 1745 856 1822 Χριστοῦ
874 1741 1010 1805 εἰσελθεῖν
1028 1766 1060 1805 σε
1079 1740 1163 1805 θελει.
1185 1737 1295 1804 καὶτοῦ
1314 1740 1394 1813 κενὸς
1413 1739 1498 1813 εῦθῦς
1516 1742 1648 1823 δρομαίαν
1672 1739 1849 1810 εἰσελθόντος
1867 1734 1915 1802 καί
1934 1734 2006 1803 οῦτω

365 1871 539 1954 λαλήσαντες
557 1867 772 1950 κατεπλάγησαν
794 1868 820 1931 οἱ
836 1865 907 1949 μετά
921 1868 1051 1949 Σιμωνος
1069 1868 1192 1951 λέγοντες
1210 1870 1261 1940 Τίς
1275 1868 1332 1933 ἐστι
1347 1869 1470 1951 Πέτρος,
1494 1864 1541 1931 καὶ
1555 1869 1597 1939 τίς
1610 1866 1627 1949 ή
1642 1866 1762 1950 τοσαίτη
1775 1865 1887 1948 δῦναμις
1905 1866 2007 1940 αῦτοῦς

365 1999 437 2083 πρὸς
450 1996 498 2070 σῦς
512 1992 595 2078 φησὶν
609 1993 625 2059 6
640 1997 738 2077 Σίμων
756 1999 848 2059 Τοῦτο
861 1993 934 2076 ῦμάς
947 1993 983 2079 μή
997 1996 1133 2071 ξενιζέτω·
1153 1990 1222 2077 ὅπερ
1236 1994 1313 2077 κάγώ
1328 1995 1446 2077 ποιήσω·
1466 1992 1513 2058 καί
1527 1993 1788 2077 προσκαλεσάμενος
1806 1993 1855 2058 τὸν
1873 1992 1942 2058 κίννα
1959 1990 2008 2058 καὶ

365 2122 500 2197 ὡσαύτως
521 2122 686 2205 προστάξας
707 2123 792 2186 εἰπεῖν
814 2121 980 2203 ἀνθρωπίνη
1001 2127 1081 2204 φωνή
1102 2126 1142 2202 τῷ
1165 2123 1267 2205 Πέτρῳ
1287 2122 1430 2186 εἰσελθεῖν.
1461 2118 1509 2184 καί
1530 2125 1612 2187 τοῦτο
1637 2120 1755 2204 ποιήσας
1780 2121 1864 2185 πάλιν
1886 2119 1902 2185 6
1926 2121 2007 2194 κάων,

365 2256 478 2338 εἰσήλθε
494 2251 605 2332 Πέτρος
618 2248 689 2332 πρὸς
703 2251 834 2330 Σίμωνα·
854 2246 901 2313 καί
915 2247 1064 2332 συμβαλών
1077 2248 1134 2329 μετ’
1152 2247 1237 2314 αἰετοῦ
1250 2250 1349 2331 Σίμων
1363 2249 1401 2320 εἰς
1415 2251 1658 2332 θαυματουργίας,
1678 2248 1782 2331 ἐνίκησε
1797 2249 1907 2332 Πέτρος
1921 2249 2008 2322 ἰάσεις

365 2385 462 2454 ποιῶν,
476 2375 524 2442 καί
539 2375 636 2443 πολλοὶ
651 2376 846 2449 πιστεύσαντες
861 2376 1084 2460 ἐβαπτισθησαν.
1107 2373 1153 2439 καί
1168 2370 1200 2458 ήν
1215 2375 1244 2440 ἐν
1258 2381 1292 2457 τή
1302 2374 1393 2458 Ῥώμη
1407 2374 1516 2459 ταραχή
1530 2376 1617 2459 πολλή
1634 2372 1739 2460 (1706.
1754 2371 1872 2460 μεγάλη)
1886 2374 1934 2440 καί
1948 2375 2008 2458 σίη-

362 2534 441 2593 χυσις
455 2507 543 2571 ἕνεκεν
558 2505 670 2587 Πέτρου
683 2500 731 2569 καί
746 2505 883 2586 Σιμωνος,
898 2500 941 2570 ότι
955 2506 1101 2568 κατέναντι
1115 2503 1240 2587 ἀλλήλων
1255 2504 1365 2568 ἐποίουν
1381 2496 1486 2586 (1706.
1499 2501 1573 2566 add.
1585 2498 1636 2586 τά)
1652 2502 1800 2585 θαῦματα.
1815 2499 1888 2586 άπερ
1901 2502 2008 2585 μαθών

362 2637 523 2719 Ἀγρίππας
537 2631 552 2698 6
568 2632 690 2714 ἔπαρχος
705 2630 825 2714 ἀνήγαγε
839 2636 879 2711 τῷ
893 2636 1004 2714 βασιλεῖ
1013 2632 1126 2714 Νέρωνι
1139 2634 1225 2714 λέγων
1240 2631 1300 2696 Λῦσ
1314 2633 1385 2703 τινές
1398 2631 1464 2695 εἰσιν
1483 2627 1582 2712 ἀνδρες
1600 2630 1629 2693 ἐν
1647 2634 1681 2712 τή
1700 2630 1776 2695 πόλει
1795 2630 1935 2713 θαύματα
1949 2655 2007 2695 πω-

365 2768 458 2835 οῦντες
476 2759 610 2825 ἀπέναντι
630 2758 768 2841 ἀλλήλων
791 2756 806 2823 6
825 2755 874 2839 μέν
892 2759 961 2842 λέγει
979 2758 1080 2824 ἐαιτδν
1097 2759 1167 2823 εἶναι
1186 2758 1235 2824 τὸν
1249 2759 1386 2841 Χριστόν·
1408 2756 1424 2822 6
1444 2753 1473 2821 δί
1492 2755 1577 2821 ἀλλον
1596 2757 1664 2821 εἶναι
1678 2754 1727 2822 τόν
1740 2754 1788 2820 καί
1804 2753 1910 2841 (1706.
1928 2755 2005 2844 om.)

364 2888 571 2971 ἐσταυρωμένον
591 2887 708 2968 Ἰησοῦν,
731 2879 763 2949 οῦ
786 2880 986 2969 (17060111.)
1010 2882 1057 2949 καί
1078 2885 1211 2970 μαθητήν
1232 2885 1332 2951 ἑαυτὸν
1351 2885 1421 2949 εἰναι
1439 2887 1636 2968 δασχυρίζεται.
1659 2882 1706 2956 οῦς
1723 2883 1854 2957 κελεῦσας
1870 2883 1886 2950 6
1904 2885 2008 2967 Νέρων

365 3017 491 3098 άχθήναι
509 3014 680 3077 κατενώπιον
700 3012 785 3077 αἰτοῦ
803 3012 873 3095 λέγει
885 3011 957 3095 πρὸς
970 3014 1089 3094 Σιμωνα
1103 3012 1147 3078 Σὺ
1162 3012 1230 3079 εἰὸν
1244 3014 1350 3096 λέγουσι
1365 3011 1504 3095 Χριστόν·,·
1524 3009 1540 3075 6
1553 3008 1583 3075 δέ
1597 3013 1680 3094 φησίν
1693 3011 1762 3094 Ἐγώ
1776 3011 1835 3093 εἰμι
1858 3010 1960 3092 ὁμοίως
1978 3010 2007 3077 δέ

364 3140 412 3206 καὶ
429 3141 479 3209 τὸν
494 3141 605 3222 Πέτρον
625 3138 802 3222 ἐπερωτήσας
815 3139 842 3203 εἰ
853 3136 972 3222 ἀληθοῦς
986 3133 1067 3212 οῦιός
1081 3140 1153 3204 ἐστιν
1167 3139 1183 3207 6
1198 3140 1336 3222 Χριστός,
1359 3140 1418 3205 θῦν
1432 3139 1506 3203 ἔστιν
1520 3133 1612 3213 σῦνος,
1632 3139 1684 3221 ἴση
1700 3139 1821 3221 Πέτρος,
1840 3137 1877 3224 μή
1891 3142 2006 3223 γένοιτο·

365 3268 417 3353 ἐγώ
437 3265 491 3352 γάρ
510 3267 612 3331 ἐκείνω
629 3266 761 3349 μαθητής
780 3267 832 3348 εἰμι
850 3271 899 3331 τοῦ
923 3268 1140 3349 σταυρωθάτος
1160 3264 1208 3332 καί
1230 3267 1406 3339 ἀναστάντος
1427 3263 1475 3330 καί
1496 3267 1535 3338 εἰς
1556 3264 1674 3348 οὐρανὸν
1696 3265 1917 3349 ἀναληφθεντος.
1939 3266 1955 3333 6
1978 3265 2008 3332 δέ

364 3397 468 3478 Νέρων
490 3393 530 3467 ώς
548 3393 746 3476 τερατολόγων·
766 3394 940 3475 ἀμφοτέρους
957 3393 1043 3467 εῦθῦς
1058 3393 1164 3476 ἀτίμως
1178 3394 1208 3457 ἐκ
1221 3393 1373 3476 προσώπου
1388 3393 1473 3459 αἰετοῦ
1488 3397 1599 3458 θάττον
1613 3392 1752 3475 ἐξήλασεν.
1780 3395 1806 3458 οἰ
1824 3392 1853 3458 δέ
1867 3395 2008 3479 διάγοντες

364 3521 497 3605 ἐνῬώμη
512 3522 621 3586 ἐποίουν
640 3521 679 3584 ἔτι
698 3521 836 3603 θαύματα
855 3522 1002 3585 κατέναντι
1021 3519 1153 3604 ἀλλήλων
1180 3518 1228 3584 καὶ
1249 3520 1265 3586 6
1285 3518 1334 3602 μέν
1354 3523 1452 3603 Σίρωνν
1472 3520 1637 3602 προστάξας
1657 3517 1704 3584 καί
1728 3520 1868 3604 ἀχθέντος
1888 3522 2008 3605 μεγάλων

363 3650 466 3734 ταῦρον
485 3649 559 3713 εἶπεν
578 3649 659 3731 λόγον
678 3649 716 3721 εἰς
734 3647 766 3714 τὸ
785 3646 869 3713 ώτίον
888 3648 987 3721 αὐτοῦ,
1011 3645 1118 3731 (1706.
1132 3651 1182 3730 μιᾷ
1203 3642 1251 3713 οῦν
1265 3653 1321 3712 τών
1334 3647 1441 3730 ήμερῶν
1453 3647 1662 3730 προστάξαντος
1675 3652 1725 3713 τοῦ
1739 3648 1869 3729 Σίμωνος
1883 3649 2008 3732 ἀχθῆναι

365 3777 441 3856 αὐτῷ
456 3782 558 3857 ταῦρον
572 3775 748 3858 παμμεγέθη,
764 3775 894 3857 ἐλάλησεν
909 3775 948 3846 εἰς
961 3774 994 3839 τὸ
1010 3769 1056 3847 οῦς
1071 3771 1170 3860 αὐτοῦ)
1187 3772 1235 3839 καί
1247 3780 1420 3858 παραχρῆμα
1436 3771 1542 3858 (1706.
1555 3771 1714 3858 παρευθῦς)
1726 3775 1859 3856 τεθνηκεν
1870 3773 1887 3841 6
1897 3780 2007 3859 ταῦρος.

364 3904 380 3970 6
395 3901 425 3967 δὲ
439 3904 551 3985 Πέτρος
564 3902 711 3984 εὐξάμενος
724 3897 772 3965 καί
787 3901 950 3984 ἀναστήσας
964 3901 1058 3975 αἰετόν,
1072 3903 1177 3976 πάντες
1190 3906 1296 3984 μᾶλλον
1311 3902 1473 3984 ἐθαύμαζον
1487 3903 1611 3986 λέγοντες
1625 3901 1668 3967 Τὸ
1684 3904 1853 3986 ζωογονήσαι
1870 3899 1940 3985 ῦπίρ
1958 3908 2008 3968 τοῦ

363 4034 536 4095 θανατῶσαι
559 4028 650 4112 μεῖζόν
673 4028 730 4093 ἐστι
755 4024 861 4110 (1706.
885 4027 958 4092 add.
981 4025 1028 4113 τὸ)
1053 4033 1163 4113 θαῦμα.
1195 4026 1243 4093 καί
1264 4030 1355 4111 μέντοι
1376 4027 1423 4094 καί
1446 4029 1520 4095 ἄλλα
1542 4039 1640 4111 σημεῖα
1664 4028 1762 4093 πολλά
1783 4029 1929 4111 ἐποίησαν,
1957 4027 2006 4094 καί

363 4158 459 4242 λόγως
478 4153 657 4240 δογματικοῦς
675 4156 813 4238 ἐλάλησαν
838 4156 972 4221 ἀπέναντι
991 4157 1130 4239 ἀλλήλων,
1151 4157 1184 4222 οῦ
1201 4155 1286 4240 μόνον
1307 4157 1336 4221 ἐν
1348 4157 1439 4240 Ῥώμη
1454 4157 1528 4222 ἀλλά
1542 4153 1590 4220 καί
1605 4156 1633 4218 ἐν
1647 4159 1739 4239 Συρίην
1754 4154 1902 4239 πρότερον,
1922 4152 2006 4221 άτινα

363 4285 501 4367 Κλήμης
518 4283 533 4349 6
554 4282 718 4364 Ῥωμαῖος
736 4280 783 4347 καί
801 4283 948 4366 πάνσοφὸς
961 4309 991 4347 τε
1006 4281 1053 4348 καί
1067 4283 1199 4366 μαθητής
1214 4287 1326 4366 Πέτρου
1341 4280 1448 4368 (1706.
1464 4282 1511 4348 καὶ
1524 4283 1608 4348 πάνσ.
1623 4293 1696 4364 μαθ.
1714 4278 1838 4367 Πέτρου)
1855 4281 1902 4348 καί
1917 4286 2007 4350 συνέκ-

364 4419 447 4495 δημος
467 4410 764 4493 ἐπεξεργαστικώτερον
780 4405 886 4493 (1706.
903 4405 1088 4494 ἐπεργαστικ.)
1104 4411 1299 4494 διηγησάμενος
1314 4405 1420 4495 (1706.
1437 4407 1620 4495 διηγοῦμενος)
1637 4407 1726 4482 οὕτως
1740 4409 1799 4492 ἔφη.

473 4542 532 4603 Τοῦ
546 4538 600 4622 γάρ
615 4540 726 4621 Πέτρου
734 4536 758 4622 ¹)
774 4536 843 4603 ποτέ
857 4538 1035 4610 διδάσκοντος
1050 4535 1094 4602 ἐπὶ
1109 4542 1179 4604 λαοῦ
1193 4536 1255 4622 περὶ
1269 4544 1318 4604 τοῦ
1331 4538 1416 4621 μόνου
1429 4543 1512 4610 θεοῦ,
1528 4536 1543 4603 6
1558 4539 1656 4619 Σίμων
1672 4534 1779 4622 (1706.
1797 4542 1856 4602 Τοῦ
1869 4540 2007 4622 μακαριόυ

367 4669 420 4731 Πέ.
435 4671 485 4731 τοῦ
505 4666 663 4731 ἀποστόλου
682 4665 861 4737 διδάσκοντος
879 4665 929 4730 τὸν
947 4665 1018 4730 λαόν
1036 4666 1172 4749 σέβεσθαι
1190 4663 1237 4730 καί
1256 4676 1416 4746 προσκυνεῖν
1434 4664 1483 4730 τὸν
1497 4663 1541 4729 ἐπὶ
1555 4664 1670 4729 πάντων
1683 4664 1767 4747 μόνον
1782 4665 1917 4746 ἀληθινὸν
1931 4665 2009 4739 θεόν,

364 4793 380 4858 6
395 4790 476 4879 Σίμ.)
494 4792 546 4869 ἔξω
562 4797 611 4857 τοῦ
626 4790 707 4875 ὄχλου
720 4797 772 4876 βοή
786 4792 890 4876 μεγάλη
902 4793 1075 4876 χρησάμενος
1088 4792 1159 4874 πρὸς
1172 4793 1221 4857 τὸν
1229 4793 1340 4875 Πέτρον·
1355 4793 1429 4856 εἶπεν·
1445 4787 1475 4873 (Ι
1481 4791 1551 4854 706.
1565 4791 1618 4868 ἔξω
1633 4817 1657 4856 τ.
1672 4789 1729 4877 όχλ
1744 4793 1833 4865 ἑστώς
1847 4793 1942 4876 ἐβόησε
1954 4789 2008 4875 Τι’)

368 4923 409 4985 Τί
419 4920 589 5001 ψαιδὸμενος
604 4920 721 4984 ἀπατᾶν
736 4921 828 4992 θελεις
841 4919 890 4985 τὸν·
904 4919 1075 5004 παρεστῶτά
1089 4946 1133 4984 σοι
1152 4919 1261 5002 ι’δωίτην
1275 4917 1369 5003 ῦχλον,
1389 4921 1499 4983 πείθων
1518 4918 1603 4985 αἰτόν
1620 4919 1707 4993 θεοὺς
1723 4919 1790 5002 μήτε
1809 4921 1927 5001 νομίζειν
1943 4920 2010 5002 μήτε

364 5049 441 5121 εἶναι,
458 5050 557 5129 καίπερ
572 5053 628 5111 τῶν
643 5048 709 5130 παρ’
724 5046 861 5132 Ἐβραιόις
874 5050 976 5132 βίβλων
989 5052 1127 5130 λεγουσῶν
1141 5046 1259 5119 πολλοῦς
1273 5046 1360 5119 θεοὺς
1373 5046 1458 5120 εἶναις
1472 5045 1543 5131 πλήν
1557 5041 1605 5112 οῦν
1619 5045 1681 5129 περὶ
1696 5042 1728 5112 οῦ
1742 5048 1809 5130 ἔφης
1822 5050 1902 5119 θεοῦ,
1917 5048 2010 5123 δείξας

469 5191 485 5251 ¹)
500 5186 542 5241 cf.
556 5188 593 5241 ad
605 5186 677 5242 haec
689 5186 794 5243 Homil.
807 5188 858 5255 ΙΙΙ,
869 5188 911 5241 38.
