4756 6194
363 378 402 441 7ss

446 579 647 647 celeberrimi
660 579 778 645 medici
794 576 994 666 Clot·ch,
1009 579 1151 666 reliquos
1167 579 1231 645 duo
1248 578 1319 659 (111.
1327 576 1400 663 lv.)
1417 580 1486 644 viro
1503 579 1599 644 docto
1610 578 1800 645 Monacensi
1814 580 1911 646 Roth

445 708 524 791 filio,
547 730 642 795 quem
661 715 788 773 constat
802 706 852 772 bis
876 709 938 773 iter
956 709 989 771 in
1006 705 1216 794 Abyssiniam
1233 706 1361 771 fecisse.
1393 705 1543 793 Quinque
1561 705 1777 773 bibliothecae
1790 707 1911 792 Regiae

444 835 640 918 Dresdensi,
655 845 721 901 tres
738 834 951 900 bibliothecae
966 836 1184 900 universitatis
1200 834 1381 920 Lipsiensis
1396 833 1526 899 tradidi.

466 963 491 1027 Ι.
517 961 630 1028 Codex
648 962 903 1050 Abyssinicus
924 962 1188 1027 membranaceus
1204 961 1355 1027 foliorum
1378 962 1465 1027 circa
1479 961 1542 1028 200
1556 963 1680 1027 formae
1700 972 1833 1048 quartae
1852 964 1994 1044 maioris,

363 1093 440 1159 satis
456 1093 607 1176 antiquus
620 1100 652 1154 et
666 1090 829 1175 eleganter
844 1090 998 1176 scriptus,
1020 1087 1235 1154 bibliothecae
1249 1089 1370 1174 Regiae
1390 1088 1608 1154 Dresdensi
1622 1111 1642 1154 a
1655 1112 1708 1155 me
1723 1088 1869 1156 traditus.
1910 1088 1995 1155 Con·

361 1222 441 1285 tinet
462 1221 561 1284 vitam
581 1227 710 1282 sanctae
729 1216 889 1282 Walattae
910 1212 944 1300 (i.
960 1239 987 1281 e.
1004 1214 1104 1302 filiae)
1124 1217 1212 1281 Petri
1235 1226 1267 1281 et
1289 1238 1370 1302 quac
1394 1217 1522 1282 virtutis
1545 1217 1701 1283 exercitia
1721 1217 1887 1300 sustinuit,
1907 1218 1995 1298 item,

363 1369 444 1435 quae
464 1347 637 1432 separatim
656 1353 841 1426 narrantur,
864 1343 1010 1409 eiusdem
1031 1345 1166 1428 virginis
1190 1343 1354 1409 miracula.
1392 1343 1578 1431 Sequuntur
1599 1343 1789 1410 traditiones
1812 1342 1853 1409 dc
1876 1344 1996 1409 sanctis

362 1474 540 1540 duumviris
562 1470 699 1559 Cyriaco
719 1480 751 1535 ct
768 1471 789 1536 J
792 1469 926 1536 ohanne.
965 1471 1116 1557 Denique
1138 1469 1217 1536 folia
1237 1471 1399 1537 adduntur
1418 1472 1552 1557 triginta
1572 1480 1723 1558 quattuor
1745 1480 1883 1561 unaque
1902 1480 1996 1560 parte

362 1603 505 1687 picturas
522 1598 720 1681 exhibentia,
737 1596 854 1683 quibus
867 1597 1023 1663 miracula
1031 1597 1192 1663 Walattae
1203 1598 1293 1662 Petri
1303 1607 1597 1684 repraesentantur.
1625 1597 1696 1664 Has
1707 1599 1851 1686 picturas
1861 1620 1997 1686 quarum

363 1753 427 1793 una
443 1749 587 1814 quaeque
602 1725 812 1811 inscriptione
826 1721 1014 1807 illustratur,
1029 1726 1211 1790 accuratius
1226 1748 1324 1790 nosse
1339 1724 1463 1790 iuvabit
1477 1727 1556 1790 artis
1572 1727 1720 1791 scientes.

467 1854 510 1918 Π.
553 1852 667 1918 Codex
697 1850 953 1938 Abyssinicus
984 1851 1248 1917 membranaceus
1275 1851 1427 1917 foliorum
1454 1852 1514 1917 162
1539 1853 1662 1918 formae
1688 1862 1823 1939 quartae
1852 1853 1996 1936 minoris,

362 1981 576 2047 bibliothecae
591 1980 810 2044 universitatis
824 1979 1006 2064 Lipsiensis
1023 2002 1042 2043 a
1057 2001 1107 2043 me
1122 1978 1269 2044 traditus.
1303 1978 1449 2065 Scriptus
1466 1989 1516 2044 cst
1530 1980 1573 2045 ad
1587 2003 1682 2045 usum
1699 1978 1894 2066 liturgicum.
1927 1980 1997 2044 Pri·

363 2133 450 2174 mum
465 2107 577 2173 laudes
592 2107 743 2191 leguntur
752 2105 1008 2192 patriarcharum
1022 2104 1210 2189 Abrahami,
1224 2107 1340 2190 Isaaei,
1355 2106 1472 2171 Jacobi
1487 2117 1520 2171 et
1534 2108 1636 2172 sancti
1653 2105 1795 2192 Georgii.
1825 2107 1896 2174 Has
1911 2108 1997 2173 cxci·

363 2238 455 2324 piunt
470 2238 688 2320 maioremque
703 2232 777 2297 libri
792 2242 917 2318 partem
932 2234 1073 2298 efficiunt
1087 2232 1200 2298 laudes
1218 2245 1348 2299 sanctae
1368 2235 1534 2315 trinitatis,
1557 2232 1638 2299 Jesu
1657 2234 1817 2318 crucifixi,
1840 2232 1997 2300 ecclesiae

364 2361 580 2445 Christianae,
600 2360 843 2448 prophetarum,
864 2359 1097 2446 apostolorum,
1119 2370 1309 2448 martyrum,
1332 2362 1498 2426 iustorum.
1541 2361 1691 2447 Denique
1706 2361 1862 2428 lectiones
1877 2363 1912 2426 in
1927 2360 1997 2427 dics

364 2493 465 2557 festos
479 2490 700 2577 praescriptae
716 2497 748 2552 et
762 2488 965 2573 precationes
981 2487 1116 2573 singulis
1132 2489 1207 2552 anni
1228 2488 1441 2553 ecclesiastici
1461 2486 1626 2553 mensibus
1646 2488 1825 2554 destinatae
1844 2487 1997 2554 exhiben-

363 2630 424 2683 tur.
463 2617 528 2682 Sed
544 2616 586 2682 ad
600 2615 696 2680 finem
710 2614 784 2678 libri
800 2613 945 2678 nonnihil
960 2613 1074 2679 deesse
1089 2614 1227 2679 videtur.

467 2744 526 2808 ΙΠ.
552 2742 666 2807 Codex
680 2740 736 2805 Ab
741 2742 936 2827 yssinicus
953 2740 1217 2808 membranaceus
1234 2741 1384 2807 foliorum
1400 2740 1442 2805 80
1456 2743 1578 2807 formae
1595 2752 1728 2829 quartae
1744 2744 1890 2826 minoris,
1913 2766 1998 2808 nune

362 2871 577 2937 bibliothecae
584 2870 705 2954 Regiae
720 2868 963 2932 Dresdensis.
992 2866 1145 2934 Continet
1158 2868 1313 2934 lectiones
1328 2868 1464 2933 biblicas
1474 2869 1673 2935 Testamenti
1688 2870 1864 2956 utriusque,
1880 2870 1998 2936 additis

364 2996 514 3064 laudibus
528 2997 652 3062 Mariae
668 3008 699 3059 et
713 2995 734 3060 J
736 3019 803 3060 esu.

468 3125 524 3190 IV.
557 3122 670 3188 Codex
689 3122 945 3208 Abyssinicus
966 3123 1230 3188 membranaceus
1251 3122 1401 3188 soliorum
1424 3123 1463 3187 91
1470 3172 1479 3205 ‚
1502 3147 1588 3188 nunc
1606 3122 1822 3189 bibliothecae
1840 3125 1998 3190 univcrsi-

364 3255 438 3318 tatis
454 3252 644 3339 Lipsiensis.
681 3248 827 3335 Scriptus
844 3259 893 3313 cst
906 3248 1107 3314 Amlrarice
1123 3251 1192 3314 sive
1214 3249 1351 3315 dialecto
1367 3248 1565 3336 Abyssiniac
1583 3250 1719 3337 vulgari.
1758 3249 1924 3335 Continet,
1945 3253 1999 3338 qui

364 3380 474 3446 titulus
489 3381 609 3466 pagina
624 3379 735 3463 quinta
748 3376 878 3461 legitur,
895 3376 1077 3461 Terguanre
1092 3375 1200 3460 Fidcl,
1215 3378 1236 3440 i.
1252 3400 1280 3441 e.
1296 3378 1531 3463 expositionem
1546 3376 1718 3465 alphabeti.

468 3507 507 3571 V.
530 3506 592 3570 Est
606 3504 756 3569 volumen
772 3503 858 3590 quod
872 3505 1002 3590 proprie
1018 3502 1109 3586 dicis,
1119 3503 1349 3591 Abyssinicum
1364 3502 1614 3587 membraneum,
1629 3504 1864 3591 longitudinem
1875 3506 1998 3572 habens

365 3635 546 3700 cubitorum
558 3635 707 3719 quinque,
723 3630 923 3696 altitudinem
938 3628 1039 3694 cubiti
1048 3632 1116 3695 fere
1128 3631 1260 3695 dimidii.
1283 3631 1438 3697 Servatur
1448 3633 1482 3695 in
1493 3630 1690 3698 bibliotheca
1697 3634 1799 3718 Regia
1807 3633 1998 3699 Dresdensi.

365 3761 495 3826 Summo
511 3760 584 3825 loco
599 3761 705 3845 pictus
722 3769 772 3824 est
786 3758 935 3842 angelus,
950 3760 1122 3823 immanem
1136 3758 1189 3823 ille
1206 3758 1334 3845 quidem
1349 3759 1383 3824 in
1397 3759 1541 3843 modum,
1561 3758 1741 3825 iacentibus
1757 3759 1799 3825 ad
1812 3760 1914 3847 pedes
1929 3763 1998 3827 eius

364 3889 463 3952 variis
482 3887 594 3972 figuris
614 3885 793 3951 diabolicis.
832 3885 936 3966 Quam
953 3887 1111 3973 picturam
1126 3909 1240 3973 preces
1256 3878 1421 3973 excipiunt
1434 3886 1476 3951 ad
1491 3885 1615 3952 Fanuel
1630 3886 1780 3972 angelum
1796 3885 1999 3954 diabolorum

365 4025 549 4080 exactorem
569 4024 601 4078 ct
614 4012 804 4079 Michaclcm
824 4012 1051 4099 archangelum
1071 4013 1185 4079 factae.
1223 4013 1342 4078 Totum
1363 4013 1515 4078 volumen
1537 4036 1632 4100 quern
1650 4037 1745 4079 usum
1763 4013 1913 4080 habuerit
1935 4038 1999 4081 non

365 4153 414 4207 est
429 4141 576 4207 dubium:
592 4141 723 4205 amuleti
738 4141 823 4205 enim
838 4150 985 4205 naturam
1002 4139 1169 4206 obtinebat
1183 4140 1334 4206 destinati
1348 4141 1505 4206 adversus
1521 4140 1624 4206 malos
1641 4142 1783 4229 spiritus.

470 4269 524 4333 Vl.
536 4268 608 4332 VH.
630 4267 706 4331 Duo
723 4267 851 4332 codices
866 4265 1025 4331 Arabici
1039 4267 1225 4332 Drusiani
1239 4267 1426 4356 bombycini
1441 4267 1591 4333 foliorum
1604 4269 1672 4333 fere
1685 4278 1813 4334 centurn
1823 4269 1946 4334 formae
1954 4269 1999 4351 4⁰,

365 4419 500 4484 quorum
522 4395 602 4460 alter
620 4417 753 4482 prorsus
777 4394 862 4458 idern
883 4418 955 4459 cum
974 4393 1075 4458 altero
1096 4397 1251 4459 continet:
1276 4404 1473 4482 quapropter
1494 4394 1630 4460 alterum
1648 4395 1863 4462 bibliothecae
1878 4394 1999 4481 Regiae

364 4524 557 4605 Dresdensi,
580 4522 714 4587 alterurn
729 4519 945 4586 bibliothecae
961 4523 1179 4586 univcrsitatis
1195 4522 1375 4608 Lipsiensis
1391 4522 1520 4587 tradidi.
1551 4523 1633 4589 Sunt
1652 4545 1692 4587 cx
1711 4524 1752 4587 iis
1770 4521 1861 4588 libris
1883 4522 1998 4609 quibus

364 4652 547 4717 Drusorum
568 4649 680 4735 religio
699 4649 851 4714 traditur:
876 4672 955 4734 quos
976 4658 1148 4736 postquam
1168 4648 1224 4714 diu
1241 4650 1362 4714 frustra
1379 4650 1442 4713 viri
1461 4649 1548 4714 docti
1568 4672 1767 4735 cognoscere
1790 4651 1999 4736 cupivissent,

366 4780 426 4843 hoc
442 4776 569 4843 sacculo
584 4779 617 4841 in
632 4777 798 4863 Europam
813 4776 988 4841 identidem
1003 4775 1134 4862 pertulit
1148 4799 1226 4840 cura
1241 4776 1519 4861 investigatorum.
1556 4776 1713 4843 Eiusdem
1732 4777 1806 4842 libri
1824 4800 1919 4865 quern
1939 4798 1998 4843 nos

366 4917 398 4970 et
417 4904 579 4970 Dresdam
599 4914 631 4967 ct
649 4904 796 4990 Lipsiam
815 4902 978 4968 attulimus
998 4903 1196 4991 exemplaria
1214 4902 1278 4968 alia
1296 4914 1504 4970 asservantur
1519 4904 1655 4987 Rornae,
1677 4902 1825 4993 Leydae,
1847 4903 1998 4986 Parisiis3

365 5033 503 5096 fortasse
516 5033 611 5096 etium
623 5029 708 5094 alibi.
735 5030 786 5095 Ea
798 5054 878 5117 quae
891 5033 1033 5095 continet
1046 5030 1174 5095 disertis
1187 5028 1295 5095 verbis
1308 5030 1481 5119 descripsit
1492 5031 1648 5097 Silvestre
1659 5031 1700 5096 de
1712 5030 1798 5120 Saey
1808 5033 1841 5096 in
1851 5030 1935 5097 libro
1947 5032 1999 5095 cui

366 5157 491 5222 titulum
502 5159 592 5223 lecit:
607 5157 740 5244 Exposd
752 5158 792 5223 de
805 5157 835 5222 la
847 5157 984 5244 religion
1000 5156 1057 5222 cles
1068 5157 1206 5240 Druacs‚
1222 5169 1297 5222 torn.
1306 5158 1331 5222 l.
1342 5182 1416 5246 pag.
1427 5156 1998 5228 CCCCLXXI—CCCCLXXXII.
