4756 6194
366 401 408 466 52

373 607 481 691 νήσητε·
504 608 563 673 ἀλλ’
589 607 641 675 είτε
663 610 772 676 ε’σθίετε
792 607 845 674 είτε
864 612 955 676 πίνετε
977 608 1030 676 εἴτε
1052 610 1158 678 όδεῦετε

373 735 430 801 είτί
444 764 471 800 τι
478 731 503 822 ¹)
524 748 634 812 ποιεῖτε,
650 736 834 812 ἀδιαλείπτως
847 738 961 821 κράζετε
971 738 1057 822 Κῦριε
1069 738 1159 822 Ἰησοῦ

372 861 479 945 Χριστδ
491 861 532 928 υἱὲ
544 869 594 930 τοῦ
607 869 678 930 θεοῦ
692 864 802 947 ε’λίνγσον
815 865 896 949 ήμιῦς.
907 864 1092 940 ἀδιαλείπτως
1104 866 1158 951 γάρ

372 1017 454 1075 φησιν
469 989 485 1058 ὁ
500 1001 580 1065 θεῖος
595 991 753 1066 ἀπόστολος
766 991 965 1077 προσεύχεσθε,
978 991 1063 1079 χωρίς
1077 994 1159 1078 ὀργης

371 1116 418 1182 καί
433 1123 614 1202 διαλογισμοῦ.

432 1245 521 1311 Ἀλλά
543 1243 590 1310 καί
613 1245 628 1312 ὁ
652 1255 731 1319 θεῖος
749 1246 891 1331 Διάδοχος
907 1247 1044 1324 Ἀπαιτοῖ,
1065 1251 1157 1332 φησίν,

371 1371 444 1455 ήμάς
465 1372 579 1447 πάντως
600 1372 616 1438 ὁ
637 1378 713 1448 νοῦς,
736 1371 807 1440 όταν
826 1375 925 1448 πόσας
944 1374 998 1448 τάς
1020 1373 1158 1452 διεξόδους

372 1498 458 1565 αι’τοῦ
483 1505 517 1582 τῇ
542 1498 630 1583 μνήμη
657 1501 864 1585 ἀποφράξωμεν
889 1506 938 1567 τοῦ
964 1506 1049 1576 θεοῦ,
1080 1503 1158 1586 ἔργον

372 1627 487 1709 ὀφεῖλον
502 1627 587 1692 αῦτοῦ
601 1632 721 1710 πληροῦν
735 1626 784 1712 τήν
799 1628 959 1713 ε’ντρεγειαν.
971 1635 1016 1693 δεῖ
1024 1624 1071 1695 οῦν
1080 1630 1157 1710 αῦτῴ

372 1754 477 1819 διδόναι
490 1753 522 1820 τό
534 1754 621 1837 Κῦριε
632 1754 721 1837 Ἰησοῦ
729 1757 843 1837 Χριστί,
858 1757 897 1828 είς
911 1754 1057 1840 ὁλόκληρον
1071 1784 1157 1841 πραγ-

369 1883 487 1964 ματειόιν
510 1885 559 1946 τοῦ
581 1886 697 1947 σκοποῦ·
721 1880 808 1956 οῦδείς
829 1883 882 1967 γάρ
900 1909 967 1967 φησι
984 1887 1053 1968 λε’γει
1065 1884 1156 1968 κόριον

368 2009 473 2091 Ἰησοῦν
496 2011 522 2074 εί
537 2008 573 2092 μή
595 2010 623 2073 ἕν
640 2009 773 2092 πνεῦματι
792 2008 869 2094 ἁγίῳ.
885 2007 945 2077 ὅσοι
959 2010 1012 2095 γάρ
1027 2017 1108 2077 τοῦτο
1122 2011 1156 2078 τὸ

370 2133 448 2220 ἅγιον
471 2133 518 2201 καὶ
539 2137 650 2212 ἔνδοξον
671 2134 758 2220 ὄνομα
781 2141 821 2216 τοῦ
843 2136 930 2221 βάθει
947 2143 1094 2220 μελετῶσιν
1112 2137 1155 2204 ἀεὶ

369 2269 418 2346 της
441 2265 557 2346 καρδίας
582 2263 743 2338 ἀπαύστως,
766 2261 845 2329 αἰτοῦ
863 2263 910 2330 καί
928 2265 961 2331 τὸ
981 2270 1043 2348 φοῦς
1061 2266 1154 2332 αῦτοῦν

370 2397 418 2456 τοῦ
432 2395 481 2456 νοῦ
495 2388 626 2456 δίνανται
645 2388 715 2472 ὁρᾶν
729 2391 804 2455 ποτί.
819 2392 915 2456 πάντα
930 2391 984 2476 γάρ
997 2392 1047 2460 τὸν
1060 2392 1153 2460 imm

369 2517 491 2594 λάζοντο
509 2517 595 2599 ῥῦπον
609 2521 643 2600 τή
662 2522 739 2600 ψυχή
763 2517 792 2583 ἐν
816 2519 947 2602 αἰσθήσει
969 2520 1050 2604 ἱκανή
1066 2547 1153 2586 κατα-

367 2646 469 2729 φλίγει·
484 2642 531 2709 καί
546 2644 629 2728 γάρὸ
649 2644 719 2718 θεὸς
736 2643 813 2727 ήμιῦν
831 2644 898 2728 φησὶ
914 2651 971 2731 πῦρ
988 2649 1156 2715 καταναλνδ-

367 2800 424 2838 κον.
443 2770 513 2840 ῦθεν
528 2774 566 2845 είς
581 2772 692 2855 ἀγάπην
709 2770 806 2837 λοιπὸν
819 2772 922 2858 πολλήν
936 2772 986 2856 τήν
1001 2773 1092 2861 ψυχήν
1105 2779 1155 2860 τής

368 2901 468 2965 ἑαυτοῦ
483 2899 564 2981 δόξης
577 2903 773 2983 προσκαλεῖται
788 2899 803 2964 ὁ
819 2900 919 2983 κόριος·
934 2901 1089 2986 ἐγχρονιῒον
1099 2900 1153 2987 γὰρ

368 3028 401 3094 τό
421 3028 531 3104 ἔνδοξον
550 3026 635 3092 ἐκεῖνο
653 3024 700 3090 καὶ
718 3027 917 3110 πολυπόθητον
935 3026 1024 3110 ὄνομα
1042 3027 1089 3093 διά
1103 3033 1153 3114 τής

367 3155 471 3238 μνήμης
492 3159 541 3219 τοῦ
561 3158 609 3218 νοῦ
629 3158 663 3237 τή
685 3155 776 3239 θέρμη
797 3159 847 3237 τῆς
868 3156 993 3237 καρδίας,
1015 3154 1071 3233 ἴξιν
1089 3154 1154 3241 ήμῖν

366 3281 481 3356 πάντως
498 3283 605 3364 εζκποιει·
617 3286 667 3347 τοῦ
681 3280 797 3365 ἀγαπᾶν
809 3281 859 3366 τήν
875 3282 960 3348 αῦτοῦ
974 3281 1151 3366 ἀγαθότητα.

366 3403 447 3482 οἶτος
465 3408 518 3493 γάρ
537 3407 610 3475 ε’στιν
627 3404 828 3492 ῦμαργαριτης
845 3408 861 3474 ό
880 3408 1034 3492 πολῦτιμος,
1057 3408 1152 3475 ὅντινα

365 3535 499 3619 πωλήσας
511 3532 554 3609 τίς
573 3533 622 3619 τήν
644 3538 803 3618 περιουσίαν
826 3536 912 3602 αῦτοῦ
932 3536 1018 3620 εῦρεῖν
1036 3537 1152 3603 δίναισι

367 3661 415 3729 καὶ
437 3664 505 3747 ἔχειν
524 3661 710 3746 ἀνεκλάλητον
730 3661 774 3728 ini
788 3669 822 3746 νή
837 3664 923 3728 αἰτοῦ
937 3662 1036 3746 εῦράτει
1049 3664 1150 3749 χορόν.

366 3789 413 3856 καὶ
420 3788 570 3874 μακρδνάν
577 3788 617 3874 είη
624 3792 708 3874 λέγειν
715 3790 768 3863 τὰς
778 3788 839 3873 περί
851 3790 950 3856 τοῦτον
960 3789 1008 3855 καί
1016 3793 1055 3864 εἰς
1067 3796 1150 3858 τοῦτο

366 3923 423 3983 των
441 3917 591 4001 θεοφόρων
609 3918 738 3999 πατεήιων
756 3916 904 4000 είσηγήσεις
918 3917 965 3984 καὶ
978 3918 1149 4002 προτροπάς.

427 4045 645 4129 Ἰσχυριζομεῦων
667 4046 757 4109 τοίνυν
779 4050 836 4108 τῶν
856 4051 985 4129 μοναχοῦν
1006 4051 1055 4130 τῆς
1072 4073 1149 4112 πνευ

364 4172 546 4256 ματοκινήτον
571 4176 627 4236 των
652 4170 801 4255 θεοφόρων
823 4172 947 4245 διανοίας
965 4171 1106 4256 inmensi·
1120 4199 1149 4238 τε

365 4295 413 4364 καί
435 4308 515 4365 θεῖον
530 4299 559 4376 ἐξ
575 4297 661 4382 ἀρχῆς
679 4299 748 4365 εἶναι
765 4299 901 4381 μελέτημα
920 4298 970 4383 τήν
987 4298 1067 4383 εῦχήν
1086 4299 1149 4365 ταῦ

362 4452 421 4508 την,
443 4422 505 4509 ἅμα
526 4422 557 4490 δῦ
575 4422 622 4491 καί
642 4426 813 4509 βονλομεῦων
831 4425 929 4510 ἐφεξῆς
947 4429 1075 4509 συνειρειν
1093 4424 1149 4493 ῦσα

363 4548 426 4636 περὶ
446 4552 532 4636 αῦτῆς
549 4551 579 4617 ἐν
597 4562 656 4627 τοῖς
676 4556 733 4619 νῦν
748 4551 834 4636 ἀμ’ων
847 4551 1039 4636 συγγράμμασι
1052 4565 1148 4629 κεῖται,

362 4678 420 4746 οίόν
440 4681 497 4749 ἔστι
515 4676 563 4744 καὶ
581 4679 614 4746 τὸ
627 4680 765 4762 είρημίνον
779 4684 819 4760 τῷ
832 4679 880 4747 διὰ
893 4679 982 4763 λόγων
996 4682 1147 4763 δειμαμεῦῳ

361 4806 410 4891 τήν
434 4809 555 4891 κλίμακα
579 4811 628 4890 τῆς
653 4812 835 4890 πνευματικῆς
864 4807 1036 4890 ἀναβάσεως.
1058 4806 1147 4892 μνήμη

464 4952 481 5013 ¹)
499 4947 648 5003 Eiusmodi
659 4947 695 5002 ad
707 4947 822 5002 modum
836 4947 945 5002 codicis
958 4948 1156 5017 expressimus.

461 5034 481 5095 ’δ
499 5031 546 5086 Its
557 5038 716 5086 correctum
729 5037 774 5085 est
786 5048 820 5085 ex
832 5030 863 5085 τό
875 5064 891 5072 -
902 5064 918 5073 -
930 5036 1085 5101 νενοημένον.

1225 611 1279 693 γάρ
1292 636 1375 694 φησιν
1387 610 1476 692 Ἰησοῦ
1487 609 1651 696 κολληθήτω
1666 618 1700 695 τῇ
1714 618 1785 696 πνοή
1800 639 1867 688 σου,
1887 613 1935 679 καί
1950 615 2014 681 τότε

1226 735 1284 820 εἴση
1297 737 1413 822 ήσυχίοις
1426 737 1569 821 ἀφελειαν.

1293 870 1419 930 Τααῦτα
1450 867 1686 949 προθυμουμεῦων
1718 867 1816 951 ἐφεξῆς
1843 869 1928 952 λέγειν
1956 875 2014 935 των

1224 990 1394 1077 μοναχοῦν,ῦ
1415 991 1453 1057 τά
1472 993 1568 1058 πάντα
1585 989 1747 1076 θαυμάσιος
1764 993 1899 1079 βασιλεῦς,
1921 1001 1969 1061 νῦν
1983 994 2013 1061 δῦ

1224 1117 1272 1183 καί.
1285 1120 1414 1203 μακαρίῳ
1427 1121 1497 1184 τελει
1509 1122 1696 1193 κατακλείσας
1709 1120 1758 1188 τὸν
1771 1125 1840 1206 βίον,
1852 1121 1892 1195 ὡς
1901 1124 2012 1206 χριστὸς

1225 1248 1318 1331 κυρίου
1331 1246 1381 1313 τόν
1394 1245 1463 1329 ῦπίρ
1476 1252 1526 1313 τοῦ
1537 1249 1687 1332 χρίσαντος
1696 1254 1823 1331 Χριστοῦ
1832 1249 1914 1334 λόγω
1925 1245 2011 1324 αῦθις

1225 1372 1389 1458 ῦπολαβάν,
1414 1374 1488 1439 Ἀλλ’
1517 1373 1604 1449 ἔστω,
1629 1377 1711 1458 φησί,
1733 1371 1781 1439 καί
1803 1377 1932 1442 δεδόσθω
1954 1382 2011 1442 των

1225 1502 1385 1578 κακοδόξων
1392 1506 1475 1567 τοῦτο
1486 1500 1548 1566 τινά
1561 1501 1650 1585 ιγάναι
1662 1501 1712 1586 τήν
1729 1502 1825 1587 ἀρχήν,
1840 1502 1917 1571 οῦδὲν
1928 1505 2010 1590 παρὰ

1224 1630 1304 1693 τοῦθ’
1329 1627 1391 1711 ήμῖν
1413 1628 1547 1713 ἔγκλημα,
1573 1634 1666 1702 καλῶς
1685 1630 1834 1713 χρωμεόόις
1854 1636 1895 1712 τοῦ
1916 1637 2010 1707 κακῶς

1224 1755 1334 1828 ἐκείνοις
1347 1753 1538 1841 νενοημίνφδ).
1558 1753 1619 1821 οῦδί
1634 1756 1688 1839 γάρ
1703 1756 1793 1841 ἐπειδή
1807 1757 1878 1825 θεὸν
1892 1759 2010 1844 οῦρανοῦ

1224 1883 1346 1966 λέγουσιν
1365 1883 1391 1947 οἱ
1405 1884 1527 1965 Πίρσαι,
1547 1882 1596 1949 τόν
1608 1882 1740 1967 Ἀβραὰμ
1746 1880 1771 1968 ³)
1790 1891 1885 1959 κακῶς
1898 1887 2009 1970 ἐροῦμεν

1223 2010 1308 2074 εἰπεῖν
1335 2009 1384 2076 τόν
1412 2009 1483 2075 θεὸν
1511 2015 1560 2074 τοῦ
1588 2009 1705 2093 οῦρανοῦ
1731 2010 1783 2094 ἔγω
1805 2015 1929 2097 σε’βομοιι
1949 2015 2004 2080 οὐδ’

1224 2136 1314 2220 ε’πειδή
1339 2137 1507 2218 κοσμοποιόν
1531 2142 1594 2203 νοῦν
1611 2133 1737 2219 Ἕλληνες
1764 2137 1835 2222 φασδ
1856 2139 1905 2206 τὸν
1927 2141 2006 2216 θεόν,

1221 2261 1296 2347 ήμεῖς
1323 2269 1420 2328 τοῦτον
1447 2268 1496 2328 τοῦ
1521 2264 1625 2346 κόσμου
1650 2264 1764 2350 ποιητήν
1788 2266 1837 2332 οῦκ
1858 2267 2007 2353 ε’ροῦμενή

1221 2394 1305 2455 τοῦτο
1327 2390 1457 2474 λε’γοντες.
1480 2391 1673 2474 ε’γκληθείημεν
1696 2388 1732 2456 ἀν
1755 2394 1868 2468 δικαίως
1885 2394 1925 2468 οῦς
1943 2396 2004 2461 κατ’

1219 2515 1337 2591 ἐκείνους
1356 2521 1527 2601 φρονοῦντες.
1574 2515 1701 2601 Ἕλληνες
1726 2518 1775 2604 μὲν
1795 2521 1849 2605 γὰρ
1872 2521 1921 2607 τήν
1940 2521 2006 2607 ῦλην

1222 2643 1353 2728 ἀγεῦητον
1375 2641 1422 2709 καί
1443 2649 1484 2724 τῷ
1504 2649 1567 2724 θεῷ
1587 2647 1726 2710 συναῖδιον
1746 2647 1886 2730 λε’γοντες,
1913 2652 1940 2715 εἰ
1957 2649 2006 2716 καί

1220 2770 1335 2855 ποιητήν
1355 2768 1427 2855 φασί
1448 2776 1498 2836 τοῦ
1520 2771 1623 2852 κόσμου
1642 2772 1719 2846 θεόν,
1742 2773 1801 2837 ἀλλ’
1823 2775 1872 2860 οῦχ
1886 2776 1926 2852 ὡς
1939 2761 2018 2862 προΙ

1221 2899 1333 2982 αγωγία
1353 2901 1403 2963 τοῦ
1423 2898 1506 2983 μήπω
1526 2899 1660 2982 πρότερον
1680 2904 1814 2983 μηδαμῶς
1831 2899 1919 2978 ὄντος,
1943 2903 2002 2967 ἀλλ’

1219 3023 1260 3099 οῦς
1273 3029 1322 3091 τοῦ
1336 3022 1416 3098 ῦντος
1429 3025 1600 3109 κοσμήτορα,
1620 3026 1698 3104 τάξιν
1711 3026 1796 3110 μόνω
1809 3026 1857 3094 καί
1870 3030 1943 3104 εἶδος
1956 3030 2004 3096 καί

1219 3154 1300 3218 θεδιν
1314 3151 1473 3236 ἐναρμόνιον
1486 3154 1676 3235 προστιθεῦτα
1690 3165 1749 3228 τοῖς
1763 3151 1831 3229 οῦσι,
1845 3162 1941 3240 μικροῦ
1954 3164 2004 3241 τής

1219 3278 1279 3344 κατ’
1296 3279 1467 3363 ἀνθρώπως
1480 3281 1575 3363 τέχνης
1587 3277 1670 3363 μηδὲν
1683 3283 1767 3346 πλίον
1781 3288 1815 3365 τή
1829 3282 1940 3367 δυνάμει
1953 3291 2003 3352 τοῦ

1219 3411 1290 3471 θεοῦ
1311 3407 1446 3489 νέμοντες·
1467 3405 1543 3490 ήμεῖς
1565 3404 1595 3471 δῦ
1616 3406 1665 3490 τήν
1686 3409 1725 3481 εἰς
1743 3407 1776 3474 τό
1794 3411 1864 3475 εἶναι
1883 3412 2003 3496 πρόοδον

1218 3534 1249 3596 εἰι
1266 3532 1303 3618 μή
1322 3531 1410 3601 όντων
1428 3533 1466 3598 τά
1479 3533 1575 3599 πάντα
1589 3537 1731 3612 δίξασθαι
1745 3537 1918 3612 πιστεύοντες
1930 3539 2002 3623 πρὸς

1217 3665 1296 3735 θεοῦ,
1318 3660 1431 3744 πωητήν
1454 3660 1571 3744 οῦρονοῦ
1591 3659 1639 3726 καὶ
1664 3667 1713 3747 γῆς
1732 3660 1780 3727 καὶ
1800 3668 1857 3728 τοῦν
1879 3664 2003 3749 ε’νμίσῳ

1216 3787 1313 3853 τοῦτον
1342 3787 1462 3872 ἀκριβοῦς
1489 3787 1661 3873 γινώσκομεν.
1683 3786 1756 3855 οῦτω
1778 3788 1826 3855 καὶ
1852 3796 1923 3857 θεοῦ
1943 3793 2002 3859 οίδν

1216 3913 1265 3981 τὸν
1285 3913 1376 3998 κόριον
1396 3913 1472 3997 ήμῶν
1488 3915 1592 3999 Ἰησοῦν
1609 3916 1736 3999 Χριστὸν
1753 3918 1884 4002 λε’γοντες,
1906 3919 2002 4003 ῦμνοῦ·

1215 4068 1265 4125 μεν
1286 4038 1334 4105 καὶ
1357 4041 1537 4127 ἐπιβοώμεθα
1558 4043 1643 4109 αὐτόν
1664 4043 1704 4117 ὡς
1725 4043 1795 4112 θεὸν
1813 4045 1949 4130 ἀληθινόν
1971 4048 2001 4113 ἐκ

1216 4175 1288 4234 θεοῦ
1310 4169 1454 4252 ἀληθινοῦ,
1476 4168 1524 4235 καί
1544 4169 1593 4254 τήν
1614 4176 1664 4236 τοῦ
1684 4173 1743 4236 υἱοῦ
1760 4171 1886 4256 θεότητα
1905 4173 2001 4257 όμολο

1215 4301 1326 4379 γοῦντες
1344 4295 1392 4361 καὶ
1415 4295 1464 4362 τὸν
1484 4294 1571 4362 αίτιον
1589 4303 1623 4380 τή
1644 4304 1693 4365 τοῦ
1710 4300 1769 4364 υἱοῦ
1788 4299 1901 4382 θεότητι
1915 4327 1999 4384 προσ-

1214 4429 1421 4507 μαρτυροῦντες.
1442 4422 1514 4509 <pasl
1533 4422 1562 4488 δι’
1579 4423 1627 4489 καὶ
1645 4425 1849 4500 Μασαλιανοίς
1869 4425 1917 4493 καὶ
1935 4434 2000 4492 Βω

1215 4553 1341 4634 γομιλους
1368 4551 1418 4634 τήν
1444 4551 1500 4619 ῦπὸ
1529 4558 1578 4618 τοῦ
1604 4556 1697 4636 κυρίου
1720 4563 1779 4626 τοῖς
1804 4553 1892 4637 ἁγίοις
1913 4555 2000 4621 αῦτοῦ

1213 4688 1360 4761 μαθηταῖς
1377 4675 1425 4745 καί
1444 4679 1610 4753 ἀποστόλοις
1627 4683 1851 4763 παραδεδομεῦιμ
1865 4680 1999 4766 εῦγεσθαι

1214 4804 1300 4889 εῦχήν.
1315 4807 1346 4871 τί
1356 4799 1417 4880 οῦνς
1432 4805 1629 4889 ἀποσχώμεθα
1642 4807 1745 4888 ταῦτης
1759 4806 1835 4890 ήμεῖς
1847 4808 1894 4873 διά
1906 4814 1997 4884 τοῦτο,

461 5114 591 5187 ³)Super
606 5115 716 5188 τίβροάμ
731 5122 860 5171 notatum
873 5124 917 5171 est
926 5116 1021 5170 Ἰονᾶν.
1058 5117 1149 5181 Quam
1164 5115 1193 5169 in
1204 5132 1262 5169 rem
1276 5114 1312 5168 cf.
1324 5114 1390 5171 Jon.
1404 5117 1427 5183 1,
1440 5118 1463 5171 9.
1499 5117 1556 5170 Sed
1568 5116 1724 5172 Abrahsmi
1737 5117 1824 5172 verba
1837 5118 1904 5173 Gen.
1917 5119 1958 5186 24,
1971 5121 1996 5177 3.

359 5200 466 5256 tradita
477 5201 581 5272 respici
592 5203 731 5257 videntur.
