4756 6194
1930 410 1974 477 55

436 607 480 672 B:
504 605 584 673 folia
599 605 661 670 110
682 602 907 693 (numerantur
922 606 993 690 108,
1014 604 1073 672 sed
1093 615 1245 693 quattuor
1267 605 1309 674 ab
1328 608 1420 673 initio
1441 609 1592 676 addenda
1612 620 1700 695 sunt,
1726 610 1790 678 duo
1809 636 1888 679 vero
1909 614 1936 679 9.
1945 623 1978 680 et

333 733 383 799 10.
397 731 529 819 desunt)
545 734 579 798 in
593 735 641 817 4⁰,
657 733 781 799 recenti
794 734 951 798 memoria
966 742 999 798 et
1012 742 1049 798 ut
1062 732 1192 799 videtur
1206 735 1240 800 in
1254 745 1363 801 monte
1373 735 1528 802 Sinaitico
1544 739 1675 826 scripta.
1704 738 1808 828 Pagg.
1827 742 1976 807 12-48.

334 860 426 926 1-8.
471 859 554 926 Sunt
572 859 730 927 formulae
750 860 792 925 ad
811 884 891 925 usus
910 859 1078 944 liturgicon
1099 860 1150 925 vel
1167 861 1289 927 similes
1305 864 1515 947 compositae,
1530 874 1566 930 ut
1579 867 1630 940 Εἰς
1643 869 1800 951 πρεσβείαν,
1815 866 1863 934 κατ’
1877 868 1976 954 φήμην,

332 987 377 1056 ι’π1
398 991 549 1074 τραπεζνρς,
575 990 614 1062 είς
639 988 689 1056 τόν
716 987 899 1071 οίειουμεναιόν
919 989 1100 1073 πατριάρχην.
1151 991 1238 1056 Μετὰ
1259 990 1309 1075 τὴν
1329 990 1421 1076 φὴμνμ
1441 995 1492 1058 τοῦ
1513 993 1728 1078 ἀρχιεπισκόπου
1748 998 1867 1061 Σιναίου
1887 994 1976 1080 όρους.

334 1116 420 1185 Μετὰ
434 1115 484 1200 τὴν
497 1116 589 1200 φάμαν
602 1122 652 1183 τοῦ
665 1121 866 1200 μχτροπολίτυυ
880 1115 1000 1201 Κρήτης.
1029 1116 1110 1202 Pag.
1129 1118 1166 1180 ll
1184 1139 1253 1203 sqq.
1273 1120 1309 1184 Or‘
1323 1119 1382 1186 ἀπὸ
1396 1124 1524 1203 Χριστοῦ
1536 1121 1795 1206 πατριαρχόσαντες
1810 1122 1838 1188 ἕν
1848 1122 1977 1201 Ἀλεξαν-

332 1247 418 1329 δρειζυ.
461 1242 593 1307 Initium
615 1243 652 1306 fit
673 1266 693 1307 a
707 1242 820 1308 Marco
846 1241 1055 1327 evangelista.
1098 1244 1180 1308 Post
1198 1251 1306 1328 κοσμιὶς
1324 1244 1340 1313 ὃ
1358 1243 1407 1313 καὶ
1423 1248 1598 1332 χρηματισας
1616 1248 1751 1333 πρότερον
1765 1276 1977 1317 κωνσταντινου

332 1372 440 1446 πόλεως
461 1371 635 1458 posteriori
659 1393 757 1434 manu
779 1369 889 1435 addita
911 1381 986 1434 sunt
1007 1372 1140 1436 nomina
1158 1370 1256 1436 haec:
1280 1378 1387 1457 κοσμεῖς
1404 1373 1497 1457 ἕτερος
1515 1373 1531 1441 ό
1551 1374 1609 1440 άπὸ
1629 1378 1782 1450 πωσισίας·
1801 1377 1977 1460 ματθαῖοςό

332 1632 447 1711 μετρῶν.
489 1625 614 1690 Rursus
634 1626 808 1690 recentiori
827 1647 925 1688 manu
940 1624 1086 1689 additum
1102 1635 1153 1689 est
1166 1629 1328 1710 παρθεόιος.
1370 1627 1451 1712 Pag.
1469 1626 1603 1692 15-17.
1618 1627 1737 1714 legitur
1751 1631 1910 1715 κατάλογος·
1920 1636 1977 1696 τῶν

332 1755 407 1822 κατά
428 1754 540 1838 καιροὺς
562 1758 743 1837 πατριαρχῶν
765 1753 928 1837 άντωχειάς.
978 1752 1108 1817 Primus
1136 1761 1200 1817 est:
1230 1753 1263 1820 ‘O
1290 1751 1367 1839 ἇχιος
1389 1757 1489 1839 πέτρος
1510 1755 1683 1832 ἀπόστολος,
1707 1757 1767 1847 ἀπό
1785 1763 1897 1842 χριστοῦ
1917 1764 1976 1822 λθ’.
2061 1767 2071 1785 ’

334 1880 456 1947 Ultima
468 1881 602 1946 nomina
616 1890 704 1945 sunt:
720 1882 879 1965 σιλβεστρος
893 1876 961 1964 (cui
975 1879 1172 1945 adscribitur
1186 1902 1290 1946 annus
1307 1884 1398 1966 aqad‘
1413 1883 1433 1944 1.
1450 1904 1478 1946 e.
1496 1880 1603 1969 1824).
1619 1884 1754 1968 pricipes·
1776 1884 1882 1968 ὅανιῆλ·
1897 1884 1978 1951 ἄνθει

332 2038 384 2095 μσς
407 2006 501 2094 (haec
523 2008 585 2072 tria
607 2007 719 2073 addita
741 2016 817 2072 sunt
838 2007 902 2072 alia
923 2005 1045 2093 manu).
1088 2008 1169 2093 Pag.
1190 2006 1232 2073 27
1254 2031 1324 2096 sqq.
1348 2011 1379 2074 αἱ
1398 2014 1439 2090 τῷ
1457 2016 1648 2095 πατριαρχνκῷ
1666 2012 1763 2097 θρόνῳ
1782 2011 1979 2095 σ’λεξανσρειάς

332 2138 507 2220 ὑποκείμεναι
524 2137 705 2220 μητροπόλεις
724 2133 772 2200 καὶ
790 2136 947 2210 ε’πισκοπαί,
968 2133 1068 2209 αἵτινες
1086 2136 1249 2214 διεσώζοντο
1266 2138 1342 2222 μέχρι
1361 2141 1411 2221 τῆς
1425 2136 1558 2211 ἁλώσεως
1572 2137 1706 2222 αίχίπτου
1720 2137 1775 2205 sind
1790 2144 1847 2204 scir
1861 2139 1977 2223 ὀθωμιι-

333 2270 396 2331 τῶν.
438 2263 521 2349 Pag.
536 2263 587 2328 30.
611 2261 739 2348 ε’πιστολίρ
755 2271 783 2328 α’
805 2266 964 2348 σιλβιστρου
977 2262 1150 2347 πατριάρχου
1165 2264 1321 2349 ἀντισχείας
1338 2264 1409 2348 πρὸς
1428 2264 1477 2332 τόν
1495 2268 1697 2349 μητροπολ-’τρν
1716 2267 1813 2332 καίων
1826 2265 1876 2349 rip
1891 2265 1974 2332 ὀιστόν

333 2420 401 2460 οων.
443 2389 601 2455 Eiusdem
621 2387 770 2454 Silvestri
793 2399 971 2475 sequuntur
987 2412 1059 2476 epp.
1083 2388 1166 2455 aliae
1189 2400 1256 2456 tres
1281 2413 1355 2456 cum
1374 2389 1511 2457 aliorum
1532 2388 1705 2457 nonnullis.
1747 2393 1828 2477 Pag.
1843 2392 1886 2457 43
1907 2415 1976 2479 sqq.

338 2527 404 2586 Τῶν
424 2520 595 2602 ursmarus
617 2515 664 2582 aui
683 2521 771 2584 θείων
790 2517 899 2602 ἀνδρῶν
917 2518 954 2583 τά
974 2517 1100 2600 ὀνόματα
1118 2514 1167 2584 καὶ
1185 2517 1224 2584 τά
1243 2519 1298 2602 ἔτη.
1341 2515 1394 2582 Ab
1408 2517 1537 2584 Adamo
1558 2519 1684 2584 initium
1699 2518 1750 2602 fit3
1774 2517 1886 2584 ultimo
1902 2517 1975 2584 loco

334 2647 375 2712 de
392 2644 675 2731 Constantinopoli
693 2665 754 2731 per
768 2643 893 2709 Turcas
916 2640 956 2728 (οἱ
976 2641 1121 2731 άχαρινοί)
1142 2652 1238 2731 capta
1255 2645 1405 2711 refertur.
1448 2646 1530 2732 Pag.
1545 2646 1585 2712 51
1607 2656 1640 2712 et
1659 2669 1749 2733 seqq.
1769 2646 1807 2711 τὰ
1825 2647 1976 2754 ³³11stch-

333 2774 414 2859 τὴρια
434 2779 484 2857 τῆς
506 2773 656 2855 ἐκκλησίας.
686 2774 716 2837 αἱ
737 2771 810 2838 ἑπτά
831 2770 990 2856 ὑποσχεσεις
1012 2776 1061 2856 τῆς
1085 2774 1212 2846 πιστεως.
1233 2771 1272 2837 τά
1293 2773 1367 2839 ἑπτὰ
1387 2772 1540 2858 θανάσιμα
1561 2774 1765 2859 ἁμαρτήματα,
1792 2781 1826 2839 et
1847 2772 1975 2838 similia.

333 2900 413 2986 Pag.
429 2899 470 2964 57
487 2921 555 2984 sqq.
571 2900 817 2983 ανακεφαλαίωσις
830 2903 887 2963 τῶν
902 2897 1066 2985 ἁγιωτάτων
1079 2905 1268 2984 πατριαρχῶν,
1283 2905 1341 2966 τῶν
1354 2898 1520 2985 bonosius,
1542 2899 1589 2967 uui
1604 2903 1806 2986 συναριβμησις
1819 2906 1877 2968 τῶν
1890 2901 1977 2968 dacc-

333 3033 448 3094 τολακῶν
475 3027 596 3110 θρόνων.
648 3024 834 3112 Sequuntur
856 3023 982 3091 similia
1019 3024 1101 3111 Pag.
1123 3025 1258 3092 71-73.
1280 3025 1399 3113 leffl'tur
1417 3030 1604 3114 χρυσόβωλον
1626 3035 1676 3097 τοῦ
1698 3028 1824 3112 ἀοιδάων
1842 3029 1978 3114 βασιλεως

332 3156 531 3228 Ἱουστινιανοῦ,
551 3154 567 3221 ὃ
589 3153 749 3238 ἐδωρήσατο
766 3154 806 3227 είς
823 3153 872 3220 τὸν
890 3157 940 3220 τοτ’·
958 3127 1022 3221 sard
1041 3151 1123 3238 όρους
1139 3151 1295 3239 ἡχοόμευοτ.
1337 3153 1422 3220 Vide
1436 3155 1533 3221 infra.
1559 3154 1641 3240 Pag.
1659 3152 1700 3221 75
1715 3177 1784 3242 sqq.
1800 3155 1834 3223 τὸ
1847 3161 1977 3240 καθῆκον

333 3280 380 3349 καὶ
398 3279 464 3366 ὅρος
483 3287 532 3347 τοῦ
553 3284 695 3366 βασιλεως.
716 3278 775 3349 ἀπὸ
795 3287 844 3346 τοῦ
863 3283 977 3364 νομίμου
990 3282 1102 3366 βιβλιου,
1121 3283 1269 3367 βασιλείου,
1289 3285 1493 3349 ammanitas
1505 3281 1554 3350 nat
1566 3285 1686 3359 λεὀττος,
1702 3281 1761 3351 ἀπό
1776 3286 1826 3350 τοῦ
1841 3290 1870 3348 α’
1883 3285 1977 3349 τίτλον

332 3436 393 3494 κερ.
407 3419 450 3484 θ’,
469 3419 502 3475 et
522 3407 650 3472 similia.
693 3407 773 3492 Pag.
790 3407 830 3472 87
852 3429 921 3493 sqq.
943 3417 1155 3472 recensentur
1171 3406 1211 3475 τά
1229 3407 1325 3495 ὃφίνυα
1343 3414 1393 3475 τοῦ
1412 3412 1568 3488 παλατίους
1588 3411 1668 3474 item
1679 3431 1757 3497 pag.
1773 3408 1815 3474 92
1831 3430 1901 3496 sqq.
1916 3405 1978 3477 ὅσα

334 3537 540 3603 ἔπεσιόπευσαν
559 3535 588 3600 ἐν
606 3537 750 3621 βνζαντίρ.
793 3534 921 3599 Horum
939 3534 1063 3621 primus
1084 3543 1133 3599 est
1147 3531 1296 3601 Andreas
1312 3535 1495 3624 apostolus3
1520 3547 1665 3602 extremo
1680 3533 1754 3602 loco
1768 3534 1851 3611 haec
1864 3534 1977 3621 legun·

333 3673 400 3728 tur:
423 3661 470 3729 acci
488 3664 595 3748 yr'yorso
614 3662 630 3727 ὁ
649 3662 889 3747 άὸριαιουπόλεως
907 3662 1051 3746 χερμανός·
1074 3663 1159 3728 αἰτοῦ
1176 3660 1206 3726 di
1220 3664 1403 3747 ἕκβλρθεόντος
1417 3665 1541 3749 ἀνῆλθεν
1555 3666 1594 3737 είς
1608 3665 1657 3730 τὸν
1670 3663 1777 3750 θρόνου
1790 3662 1881 3747 ι’ωσῆφ
1896 3662 1912 3729 ὁ
1926 3667 1976 3728 sori

333 3793 463 3876 χαλρσίου
476 3790 630 3875 ἡγεόμενος,
646 3790 716 3875 ἀνὴρ
729 3791 898 3874 θαυμαστὸς
912 3791 962 3856 τόν
974 3793 1034 3876 βίον
1048 3786 1095 3854 καί
1110 3789 1258 3874 ὁμολογίας
1271 3791 1401 3874 στεφάνῳ
1416 3794 1621 3875 κεκοσμρμελος.

439 3916 481 3982 C:
504 3916 626 3983 foliati
651 3919 684 3981 in
707 3918 748 3981 4⁰
769 3928 843 3982 ante
867 3915 989 4003 aliquot
1012 3915 1144 3983 saecula
1164 3939 1263 3981 manu
1283 3915 1410 3982 Graeca
1432 3919 1563 4004 scripta.
1607 3917 1678 3983 Fol.
1694 3918 1724 3983 3.
1747 3917 1906 4003 incipiunt
1929 3921 1978 3982 τοῦ

335 4046 414 4131 άχίου
431 4045 479 4111 καὶ
500 4045 655 4112 ὁσιωτάτων
673 4046 782 4129 πατρὸς
801 4045 878 4132 ἡμων
897 4045 984 4111 itata
1005 4049 1055 4110 τοῦ
1073 4043 1267 4129 ἀναχωρητοῦ·
1289 4044 1305 4112 ὁ
1324 4045 1395 4128 πρὸς
1415 4045 1447 4113 τὸ
1461 4047 1541 4120 τελος
1554 4050 1603 4129 τῆς
1617 4048 1712 4132 βιβλαυ
1726 4046 1811 4112 αὐτοῦ
1825 4045 1907 4131 λόχος
1920 4053 1975 4128 κη’·

332 4172 414 4257 ἦχουν
436 4175 462 4239 οἱ
475 4179 576 4256 θρῆνοι
590 4173 675 4239 αὐτοῦ
690 4175 716 4238 οἱ
728 4175 921 4251 ταλανίζοντες
934 4173 999 4245 τοὺς
1014 4171 1153 4247 ἀτάκτους
1165 4171 1311 4256 μοναχοός.
1355 4170 1537 4260 Supersunt
1551 4178 1651 4257 θρῆνοι
1665 4181 1694 4238 α’
1709 4194 1811 4258 usque
1827 4181 1869 4239 ur
1885 4181 1917 4237 et
1936 4176 1977 4250 κζ’

333 4321 436 4386 usque
450 4308 504 4384 μσ.

439 4427 486 4491 D:
509 4425 589 4492 folia
606 4427 647 4492 48
661 4426 695 4490 in
714 4426 754 4491 4⁰
769 4425 891 4491 saeculi
906 4425 975 4491 fere
991 4425 1074 4490 sexti
1087 4422 1214 4489 decimi.
1259 4425 1341 4491 Sunt
1356 4428 1447 4492 varia
1461 4425 1613 4512 liturgica
1626 4447 1710 4514 quae
1725 4424 1915 4515 plerumque
1929 4426 1977 4490 in·

333 4555 598 4642 terpretationem
619 4552 796 4619 Arabicam
818 4555 852 4618 in
877 4552 1024 4638 margine
1050 4551 1247 4638 adscriptam
1277 4551 1407 4618 habent.
1458 4553 1657 4621 Litterarum
1683 4551 1856 4619 initialium
1876 4549 1976 4620 rubro

334 4682 528 4768 scriptarum
543 4703 662 4766 magna
676 4703 754 4767 pars
770 4703 844 4746 eum
858 4688 928 4747 arte
944 4681 1032 4746 facta
1046 4688 1104 4744 est.

334 4950 436 5005 tuisse:
454 4949 485 5004 τό
501 4949 588 5021 παρόν
603 4953 703 5018 βιβλίον
719 4952 788 5004 ἐστὶν
803 4952 851 5002 τοῦ
868 4947 946 5014 ἁγίου
961 4951 1006 5002 κοιλ
1020 4950 1202 5017 θεοβτδίστου
1213 4948 1290 5018 ὄρους
1301 4952 1378 5012 Σινᾶ,
1390 4953 1434 5001 καὶ
1445 4947 1516 5009 ὅστις
1528 4948 1664 5020 ὑπερήσει
1674 4948 1729 5003 ἀπὸ
1740 4949 1787 5018 τὴν
1798 4946 1876 5016 ἁγίαν
1886 4949 1976 5020 μονήν,

334 5034 367 5087 νά
383 5040 433 5101 llas
450 5036 499 5095 τὰς
515 5035 582 5106 ἀρὰς
596 5039 647 5088 τῶν
658 5033 736 5099 ἁγίων
748 5038 865 5105 πατέρων
877 5038 921 5087 κοιλ
931 5037 978 5101 τῆς
989 5032 1183 5097 άτωτοφλίιιτοιι
1194 5033 1288 5100 βάτου.
1323 5032 1488 5090 Cuiusmodi
1502 5034 1710 5090 obtestationes
1722 5034 1752 5090 in
1765 5033 1914 5091 codicibus
1926 5051 1974 5090 an·

334 5120 421 5192 tiquis
436 5120 601 5191 saepissime
617 5120 813 5188 inveniuntur3
831 5118 869 5174 cf.
886 5118 1008 5189 exempli
1025 5135 1128 5174 caussa
1147 5118 1371 5189 subscriptiones
1389 5119 1472 5174 codd.
1490 5119 1560 5189 Imp.
1575 5119 1641 5176 Psr.
1653 5120 1687 5174 52
1699 5119 1798 5176 etsta.
1809 5136 1828 5176 a
1840 5117 1975 5177 Sohclric

335 5206 491 5276 exscriptas
505 5205 534 5259 in
546 5203 827 5260 Biblischdrritisehe
839 5203 925 5258 Reice
938 5222 965 5274 p.
975 5202 992 5256 4
1004 5210 1033 5258 et
1044 5204 1067 5258 8.
