4756 6194
1862 419 1905 488 33

257 632 307 711 νής
324 632 381 710 γῆς,
405 650 436 692 v.
453 625 483 691 8.
506 627 565 694 ἀπὸ
584 632 729 711 ποταμῶν,
751 651 783 693 v.
800 626 851 691 10.
877 630 1001 710 Θαρσεῖς
1019 633 1052 690 ct
1069 622 1117 689 xci
1135 630 1219 709 νήσοι,
1245 648 1275 689 v.
1294 624 1342 688 11.
1365 627 1447 690 πάντ.
1468 626 1494 690 οἱ
1506 631 1597 710 βασιλ
1612 630 1661 708 τής
1674 630 1730 709 γής,
1753 624 1850 689 ν.14.
1868 624 1902 692 τό

257 753 347 837 όνομα
367 754 452 820 αὐτοῦ
470 754 508 820 ἐν.
528 754 629 828 αὐτῶν,
648 777 678 818 v.
698 754 745 817 16.
767 775 829 817 om.
849 753 1002 837 όπεραρθ,
1021 752 1119 817 ν.17.
1140 752 1226 828 ἔσται,
1247 743 1373 836 διαμένει,
1392 752 1669 835 ε’·νιολογήθήσονπαι,
1687 750 1902 826 ν.18.όθεός

256 881 382 965 Ἰσραήλ,
396 881 488 946 ν.19.
503 880 678 965 εόλαγιγμένσν
693 890 726 945 et
739 877 786 946 καέ
801 882 840 955 εἰς
853 879 901 947 τόν
917 880 1016 945 αι’ὦνα.
1035 880 1117 945 Post
1129 881 1233 963 γε’νοασ
1247 879 1378 943 additur
1392 879 1471 956 δόξα,
1485 888 1554 943 tum
1569 877 1663 943 deest
1676 882 1735 944 σοῦ.
1774 877 1834 942 Ps.
1848 877 1898 942 72.

257 1016 333 1094 post
345 1008 441 1092 Ἀσάφ
461 1006 591 1071 additur
609 1007 666 1092 dtr>
684 1008 756 1091 πρὸς
774 1007 823 1072 τὸν
834 1007 962 1091 Ἀσόραιν
982 1003 1071 1092 (sic).
1113 1006 1220 1072 Versu
1242 1008 1270 1070 1.
1292 1015 1342 1071 est
1355 1012 1389 1089 τῇ
1403 1008 1518 1090 καρόίᾳ,
1540 1029 1570 1069 v.
1587 1005 1617 1068 6.
1636 1004 1843 1090 ἡὺπερηφανία
1861 1005 1900 1079 εές

257 1137 344 1209 udor,
366 1143 436 1199 tum
458 1135 669 1218 περιεβῶλονπσ
689 1144 721 1199 et
739 1135 862 1209 ἐαιπών,
883 1157 915 1199 v.
935 1135 964 1198 7.
985 1134 1152 1217 ὅιήλθοσαν,
1173 1156 1205 1199 v.
1223 1134 1271 1197 12.
1291 1129 1366 1199 oinct
1386 1133 1550 1217 ἁμαρτωλοί
1553 1183 1561 1208 ,
1582 1156 1614 1198 v.
1632 1133 1680 1197 15.
1699 1133 1900 1216 ήσννθέτιγκας,

256 1283 287 1325 v.
306 1260 354 1324 16.
375 1261 492 1329 ἐνώπιόν
510 1288 572 1344 μου,
593 1284 624 1325 v.
646 1261 695 1325 17.
720 1261 772 1336 ἕως
790 1256 822 1327 οὗ
841 1270 873 1325 ct
890 1258 938 1326 καὶ
955 1265 1030 1327 corui
1050 1287 1071 1326 ε.
1091 1286 1115 1325 ν.
1130 1259 1189 1345 ἐσχ.
1205 1260 1310 1336 circio,
1331 1284 1361 1324 v.
1384 1260 1433 1325 18.
1458 1260 1556 1326 roob.
1572 1260 1664 1325 αι’πῶν
1679 1261 1724 1324 to.
1741 1259 1801 1324 αι’π.
1815 1259 1900 1334 κακά,

258 1412 288 1452 v.
305 1387 353 1451 19.
374 1391 413 1461 εἰς
426 1388 561 1473 ἐρήμωσιν
574 1388 707 1466 ἐξάπινα·
722 1388 860 1466 trabam,
879 1412 910 1452 v.
925 1387 977 1452 21.
996 1384 1040 1455 ότι
1053 1386 1208 1471 ἐξεκαόθη,
1227 1410 1259 1452 v.
1274 1386 1325 1451 22.
1340 1387 1484 1471 ἐγενήθην,
1503 1410 1534 1452 v.
1549 1387 1600 1450 24.
1615 1386 1663 1452 καὶ
1677 1387 1716 1462 ἐν,
1736 1408 1767 1452 v.
1783 1386 1834 1452 28.
1849 1389 1900 1452 νοῦ

258 1516 349 1599 ε’ξαγγ.
367 1542 408 1598 με.
465 1515 525 1580 Ps.
544 1515 593 1580 73.
613 1538 643 1579 v.
661 1517 689 1579 1.
708 1514 810 1588 ὁθεός
825 1516 944 1590 ἀπώσω,
964 1538 995 1579 v.
1012 1514 1040 1578 2.
1056 1516 1152 1601 ῥάβδῳ
1167 1522 1200 1578 et
1212 1513 1256 1581 ἐπ’
1273 1514 1362 1596 αὐτῷ,
1382 1536 1414 1579 v.
1428 1514 1459 1579 3.
1474 1513 1506 1581 ἐν
1519 1519 1559 1596 τῷ
1574 1513 1644 1598 ἁγίῳ
1658 1540 1717 1589 σον,
1731 1537 1762 1578 v.
1777 1512 1808 1578 5.
1822 1514 1861 1588 εἰς
1874 1540 1899 1577 π.

258 1642 361 1719 ἔξοδον,
383 1666 413 1706 v.
430 1641 460 1705 6.
482 1669 507 1707 π.
522 1644 587 1726 itio.
602 1643 698 1727 αόσής·
720 1640 767 1708 ἐπὶ
789 1650 850 1706 otc.
873 1649 907 1706 et
926 1664 957 1706 v.
974 1642 1004 1705 7.
1019 1658 1081 1708 σου·
1097 1643 1136 1716 εἰς
1155 1640 1205 1726 τήν
1226 1646 1276 1726 γήν
1296 1641 1368 1727 ἐβνβ.
1388 1665 1420 1707 v.
1436 1640 1466 1705 8.
1489 1643 1520 1707 αἱ
1540 1643 1689 1726 συγγένειαι
1708 1649 1740 1705 et
1758 1644 1833 1706 δεῖπε
1852 1637 1900 1705 καὶ

258 1769 482 1851 καταπαύσωμεν
496 1770 594 1842 πόσας
607 1796 632 1834 π.
646 1770 717 1854 ἐορν.
732 1775 782 1835 τοῦ
795 1773 866 1835 θεοῦ
880 1768 939 1836 ἀπό
953 1794 977 1835 κ.
993 1796 1031 1853 γ.,
1049 1791 1080 1833 v.
1095 1772 1125 1834 9.
1141 1768 1179 1835 τὰ
1193 1795 1256 1852 σιγμ
1271 1769 1376 1843 cincio,
1395 1792 1426 1834 v.
1444 1767 1493 1832 14.
1508 1769 1558 1853 τήν
1571 1767 1701 1852 κεφαλήν,
1717 1791 1748 1832 ν.
1766 1767 1814 1830 16.
1830 1771 1900 1850 (γαῖν

259 1921 302 1961 σιν
315 1892 363 1960 καὶ
376 1893 464 1980 ήλιον,
483 1919 514 1960 ν.
531 1897 580 1960 17.
597 1897 648 1979 ’ἔαρ
661 1897 696 1962 σὺ
710 1897 837 1970 ἔπλασας
851 1895 938 1971 αι’πά,
957 1918 987 1961 v.
1005 1897 1054 1962 18.
1071 1917 1133 1960 om.
1148 1902 1198 1981 τῆς
1210 1921 1251 1961 κν.
1266 1921 1329 1971 σου,
1352 1919 1383 1961 v.
1400 1895 1449 1960 19.
1465 1896 1492 1961 oi
1504 1896 1700 1978 ἐσκονισμιόσι,
1722 1918 1753 1959 v.
1768 1894 1819 1957 21.
1836 1916 1898 1958 om.

258 2025 310 2087 καί
324 2024 430 2109 prius,
454 2045 483 2088 v.
499 2022 549 2086 22.
569 2029 618 2088 τοῦ
636 2023 787 2108 όνειόισμσῐι
803 2049 855 2092 σον
873 2028 934 2100 ποῦ,
955 2047 986 2089 v.
1002 2022 1053 2087 23.
1073 2024 1186 2089 οἰκετῶν
1205 2030 1238 2088 ct
1256 2024 1352 2107 ἀνεβρ,
1375 2022 1504 2086 omissis
1524 2022 1595 2107 πρός
1609 2022 1648 2087 σε’.
1691 2021 1730 2085 ln
1744 2021 1809 2086 fine
1824 2019 1899 2086 add.

258 2149 335 2228 δόξα
379 2150 437 2214 Ps.
459 2150 508 2213 74.
529 2148 718 2214 inscribitur
732 2156 822 2234 ψαλμ
836 2155 877 2232 τῷ
889 2149 1000 2235 Ἀσάφ,
1022 2151 1150 2215 omissis
1169 2147 1313 2236 reliquis.
1356 2149 1464 2214 Versu
1478 2149 1507 2212 2.
1528 2150 1601 2233 ἐξομ.
1618 2176 1664 2217 σσι
1677 2152 1737 2224 καί,
1756 2172 1786 2212 v.
1802 2149 1832 2214 3.
1847 2147 1900 2232 ἐγώ

259 2276 301 2340 ad
320 2277 432 2362 priora
446 2275 597 2360 trahitur,
617 2300 648 2341 v.
662 2278 693 2340 4.
713 2278 740 2343 oi
755 2276 904 2343 κατοικέν
923 2278 993 2360 αι’πῇ
1008 2287 1041 2342 et
1057 2299 1118 2342 om.
1134 2277 1230 2359 dudd„
1251 2300 1282 2344 v.
1297 2276 1327 2339 5.
1343 2286 1394 2341 est
1407 2288 1606 2361 παρανομεῑτε,
1625 2300 1656 2342 v.
1672 2276 1702 2341 6.
1718 2274 1765 2342 καὶ
1778 2275 1815 2361 μή
1828 2281 1900 2351 bo„

258 2427 289 2468 v.
306 2404 334 2467 7.
354 2405 385 2482 εξ
404 2404 519 2482 ἐξόδων,
543 2427 573 2467 v.
591 2405 640 2468 10.
660 2404 814 2471 σννθλόσω
834 2412 868 2470 et
885 2405 918 2474 τό
936 2405 1027 2491 κόρας.
1076 2403 1136 2469 Ps.
1153 2403 1203 2469 75.
1223 2428 1275 2470 vv.
1291 2404 1313 2468 4
1333 2413 1365 2469 ot
1385 2405 1434 2468 10.
1456 2403 1548 2468 deest
1566 2405 1659 2488 osuio,
1681 2427 1712 2467 v.
1729 2404 1758 2469 7.
1779 2413 1829 2468 est
1841 2414 1901 2478 τοῖς

259 2530 365 2606 ἵππας,
385 2555 417 2597 v.
433 2533 462 2596 8.
483 2531 542 2598 ἀπὸ
561 2530 624 2597 τότε
641 2531 657 2616 ή
672 2532 738 2616 ὀργή
756 2558 815 2607 ooo,
837 2555 868 2597 v.
885 2532 934 2599 10.
959 2543 1059 2616 πραεῖς
1076 2538 1126 2617 τῆς
1144 2537 1200 2617 γῆς.
1243 2532 1302 2596 Ps.
1325 2532 1374 2595 76.
1396 2554 1427 2596 v.
1448 2532 1477 2601 1.
1494 2531 1640 2614 Ἰόιθοόμ,
1662 2555 1693 2597 v.
1709 2531 1738 2595 2.
1754 2531 1899 2615 ἐκόιραξα,

258 2663 337 2742 φωνῇ
350 2686 403 2742 μον
417 2659 499 2741 πρός,
522 2681 553 2722 ν.
568 2657 598 2721 4.
613 2659 791 2743 ηὐφράνθην,
816 2682 869 2725 vv.
882 2659 914 2743 4,
933 2660 981 2743 10,
998 2659 1048 2723 16.
1069 2658 1162 2724 deest
1176 2660 1270 2742 tado„
1292 2682 1322 2723 v.
1339 2658 1369 2723 5.
1389 2658 1518 2743 φυλακὰς
1536 2660 1561 2724 οἱ
1575 2659 1724 2743 ὀφθαλμοί
1733 2685 1799 2742 μου,
1820 2681 1851 2723 v.
1868 2656 1897 2721 7.

261 2786 372 2861 ἐσκαλε,
392 2808 424 2848 v.
440 2785 469 2851 9.
489 2785 522 2852 πό
538 2785 575 2850 d..
594 2785 679 2852 αι’ποῦ
698 2787 838 2871 ἀποκόψει
843 2815 854 2862 ,·
876 2788 1030 2853 συνετέλεσε
1049 2792 1123 2871 ῥῆμα
1139 2787 1197 2855 ἀπὸ
1211 2814 1263 2871 γεν.
1278 2788 1318 2860 εἰς
1331 2787 1438 2870 γενεάν,
1457 2809 1487 2850 v.
1505 2786 1553 2849 10.
1567 2785 1604 2870 μή
1619 2786 1701 2861 ἐπιλ,
1720 2808 1751 2849 v.
1769 2786 1818 2849 17.
1835 2806 1889 2849 om

258 2917 310 2979 καί
321 2911 509 2996 secundum,
523 2936 556 2978 v.
572 2912 621 2979 18.
637 2913 773 2998 πλήθους,
788 2938 818 2977 v.
837 2915 886 2977 13.
902 2917 932 2980 αἱ
946 2915 1025 2998 ἀσνρ.
1041 2915 1134 2991 αι’ποῦ,
1150 2939 1179 2979 v.
1196 2915 1246 2979 20.
1263 2908 1374 2980 αἱόόοιῖ
1416 2913 1500 2979 Post
1513 2913 1599 2978 hunc
1614 2911 1775 2999 psalmum
1789 2911 1900 2977 addita

259 3039 353 3105 haec:
382 3037 477 3123 εἴλιγγε
497 3041 577 3114 odos·
596 3039 629 3108 τό
648 3043 732 3125 μέσον
752 3048 802 3108 τοῦ
824 3048 975 3127 ψαλτήρσς.
1025 3041 1085 3106 Ps.
1108 3043 1157 3106 77.
1187 3041 1423 3107 Praemittitur:
1449 3044 1617 3126 καθάιμαπα
1638 3043 1655 3117 ι’,
1678 3041 1756 3104 item
1777 3039 1899 3123 ψαλμός.

258 3166 342 3232 Tum
357 3174 408 3232 est
421 3170 461 3249 τῷ
476 3168 564 3251 νόμῳ,
583 3191 616 3235 v.
629 3168 660 3233 4.
679 3174 729 3235 τοῦ
742 3172 847 3254 morbo,
869 3193 900 3234 v.
915 3171 944 3233 5.
961 3167 1017 3237 ὅσα
1031 3170 1097 3236 ε’νεπ.
1113 3179 1146 3234 ct
1159 3175 1208 3237 ποῦ
1223 3198 1303 3255 γνωρ.
1319 3169 1406 3245 αι’πά,
1426 3193 1456 3234 v.
1472 3169 1502 3232 6.
1519 3190 1580 3233 om.
1596 3169 1635 3243 οἱ,
1655 3190 1685 3231 v.
1702 3166 1730 3230 8.
1746 3168 1900 3233 κατεόθννε

258 3295 307 3379 τήν
320 3296 438 3379 καρδίαν
452 3296 560 3379 ἑαυτῆς,
574 3318 605 3360 v.
622 3298 651 3361 9.
665 3296 786 3381 Ἐφραίμ
800 3293 861 3381 (ita
874 3295 1024 3382 ubique),
1045 3306 1078 3362 ct
1090 3297 1189 3376 τόξοις,
1209 3321 1240 3361 v.
1257 3298 1306 3361 10.
1321 3298 1370 3362 σιἰκ
1384 3296 1588 3381 ήβαιλήθήσαν,
1606 3320 1636 3360 v.
1655 3298 1703 3361 13.
1719 3297 1900 3379 παρώσρσεν,

258 3446 290 3487 v.
307 3422 357 3486 19.
372 3423 458 3498 εἶπον,
474 3444 505 3487 v.
520 3422 571 3487 20.
588 3423 712 3500 δι’ναπαι,
726 3447 757 3487 v.
773 3424 824 3488 26.
841 3426 870 3489 ἐν
883 3430 917 3507 τῇ
931 3425 1054 3508 ὅονάμει,
1074 3448 1105 3489 v.
1121 3425 1172 3488 27.
1186 3430 1276 3509 χνοῦν,
1291 3448 1322 3488 v.
1337 3424 1388 3490 28.
1405 3425 1433 3487 ἐν
1445 3426 1533 3506 μέσῳ,
1552 3446 1582 3487 v.
1598 3423 1648 3487 29.
1665 3424 1781 3507 ἔφαγον,
1799 3445 1830 3487 v.
1846 3421 1897 3486 30.

259 3572 321 3615 om.
342 3549 435 3615 circio
455 3549 646 3634 secundum,
666 3575 698 3617 v.
713 3550 764 3615 31.
784 3554 917 3628 πλείοσιν,
937 3575 967 3615 v.
983 3551 1035 3615 32.
1055 3552 1143 3618 ἐπόσα.
1163 3554 1192 3616 ἐν
1210 3564 1280 3627 τοῖς,
1300 3575 1330 3616 v.
1346 3552 1397 3616 34.
1418 3551 1566 3616 ἀπιίιτενεν
1580 3551 1654 3626 αὖα,
1675 3550 1737 3616 τότε
1751 3548 1899 3633 ἐξεζήπονν,

257 3700 287 3741 v.
304 3676 354 3742 36.
376 3678 424 3761 ἐψ.
444 3677 537 3753 αι’πόν,
559 3701 590 3742 v.
609 3677 661 3742 46.
680 3678 745 3752 τοὺς
763 3680 895 3762 καρπσός,
918 3702 948 3744 v.
967 3677 1019 3742 48.
1040 3681 1079 3754 εἰς
1095 3680 1237 3764 χάλαζαν,
1260 3702 1291 3743 v.
1306 3678 1357 3744 51.
1377 3678 1484 3753 παντὸς
1501 3678 1587 3744 πόνον
1607 3678 1712 3752 αι’πών,
1733 3699 1765 3741 v.
1779 3677 1831 3742 52.
1851 3674 1899 3741 καὶ

258 3805 405 3889 ἀνήγαγεν,
426 3827 458 3869 v.
473 3803 525 3869 53.
545 3805 586 3870 ἐπ’
608 3805 708 3881 ἐλπίδι,
732 3829 762 3870 v.
778 3804 828 3870 57.
846 3807 1003 3891 tortorio,
1024 3830 1055 3872 v.
1071 3805 1122 3871 58.
1138 3809 1239 3881 ἐντοῖς
1251 3814 1372 3891 βοννσῖς,
1396 3829 1426 3870 v.
1443 3805 1493 3868 60.
1509 3804 1640 3889 σκήνωμα
1654 3804 1670 3872 6
1684 3803 1898 3887 κατεσκήνωσεν,

259 3956 289 3997 v.
305 3932 356 3997 61.
376 3933 414 4006 εἰς
426 3943 523 4018 χεῖρας
537 3933 661 4016 ἐχθροῖν,
680 3956 710 3997 v.
727 3932 778 3997 63.
794 3934 1009 4017 ἐπενθήθρσαν,
1028 3957 1059 3999 v.
1076 3933 1127 3999 65.
1142 3931 1189 3999 καὶ
1203 3961 1340 4019 κεκραιπ.,
1359 3957 1390 3997 v.
1405 3932 1456 3997 69.
1470 3935 1665 4017 μονοκερωνος,
1680 3956 1711 3998 v.
1728 3932 1777 3995 72.
1793 3930 1822 3995 ἐν
1835 3941 1899 4004 ταῖς

258 4061 388 4126 σονέσεσι.
437 4057 497 4122 Ps.
523 4059 573 4122 78.
595 4058 818 4125 Praemittitur
836 4061 919 4138 δόξα,
940 4083 1002 4148 pro
1015 4061 1112 4145 Ἀσόφ
1132 4072 1183 4126 est
1201 4064 1301 4127 Λανίὸ.
1343 4061 1452 4125 Versu
1471 4061 1500 4123 1.
1523 4070 1573 4124 cst
1595 4061 1634 4134 ὠς
1653 4060 1791 4143 όνιωροφ,
1814 4080 1845 4122 v.
1864 4058 1895 4123 3.

258 4185 323 4253 ὡσεὶ
336 4184 420 4271 ὕδωρ,
434 4210 464 4250 v.
473 4185 503 4249 4.
520 4209 583 4251 om.
597 4189 645 4263 εἰς,
660 4210 691 4252 v.
700 4187 729 4251 6.
743 4199 794 4252 est
808 4185 853 4253 ἐπὶ
867 4188 905 4256 τό
919 4189 989 4272 ’ἔθνη
1004 4197 1037 4253 et
1050 4188 1227 4273 γινώσκοντα,
1241 4212 1272 4253 v.
1282 4187 1311 4252 8.
1327 4188 1398 4272 κόρα
1412 4185 1463 4263 ότι,
1477 4210 1509 4252 v.
1524 4189 1555 4251 9.
1571 4188 1657 4252 ἕνεκεν
1671 4185 1732 4270 bis,
1747 4209 1777 4250 v.
1795 4185 1845 4249 10.
1860 4185 1898 4251 κά

258 4315 337 4398 ἔθνη,
351 4336 382 4378 v-
399 4315 447 4377 12.
463 4315 684 4391 ἑπταπλασάινα,
699 4339 730 4379 v.
748 4316 797 4380 13.
812 4315 887 4399 ήμεῖς
901 4316 939 4390 δι’,
954 4339 985 4379 v.
999 4315 1047 4379 14.
1063 4316 1168 4400 ἀνθομ
1183 4342 1227 4382 σοι
1241 4315 1257 4382 ὁ
1271 4316 1347 4390 θεός.
1390 4314 1450 4379 Ps.
1467 4315 1517 4380 79.
1532 4314 1706 4399 Inscriptio
1723 4313 1770 4377 sic
1784 4311 1896 4378 habet:

258 4441 374 4524 ψαλμός
387 4445 428 4521 τῷ
441 4441 537 4525 ’Areo
552 4441 608 4526 ἀόή·
623 4444 694 4525 πρός
707 4443 756 4510 τὸν
768 4443 923 4526 Ἁσσόριον.
951 4441 1060 4508 Versu
1074 4442 1103 4508 2.
1120 4452 1171 4508 est
1184 4444 1334 4528 πρόβατον,
1349 4466 1380 4507 v.
1395 4442 1425 4508 5.
1440 4448 1497 4509 τῶν
1511 4442 1622 4518 tritor,
1637 4464 1667 4507 v.
1685 4439 1713 4504 8.
1730 4462 1792 4504 orn.
1807 4439 1897 4524 διάψ,

258 4592 289 4633 v.
307 4567 356 4632 10.
373 4577 424 4632 cst
438 4569 577 4653 ἐπλήρωσε
592 4568 641 4653 τήν
655 4576 711 4654 γήν,
725 4592 756 4634 v.
775 4569 824 4633 12.
839 4575 983 4653 πσνιιμων,
996 4593 1027 4634 v.
1045 4571 1094 4635 13.
1111 4572 1196 4654 αόιής
1208 4567 1247 4646 ὗς,
1262 4594 1293 4635 v.
1311 4570 1360 4635 15.
1375 4566 1423 4635 nai
1437 4570 1596 4655 ἐπιβλειμον.
1611 4567 1739 4632 Desunt
1755 4567 1804 4631 17.
1818 4565 1868 4630 18.

363 4695 511 4777 Quorum
530 4695 661 4783 quidem
679 4696 854 4761 lectionum
871 4719 949 4783 pars
969 4698 1112 4763 maximo.
1128 4699 1162 4761 in
1182 4697 1289 4762 multis
1311 4698 1407 4763 ctiam
1423 4695 1589 4761 codicibus
1605 4694 1676 4760 aliis
1691 4695 1792 4759 invito
1808 4692 1897 4758 Vati·

259 4845 340 4889 cano
362 4833 455 4889 textu
476 4825 609 4888 invento
632 4835 696 4907 est3
719 4834 827 4889 tamen
849 4826 972 4910 passim
994 4826 1027 4888 in
1049 4833 1162 4889 nostro
1186 4824 1298 4890 codice
1319 4824 1471 4909 leguntur
1493 4846 1566 4887 curn
1586 4823 1700 4909 paucis
1720 4819 1792 4886 aliis
1811 4842 1897 4885 com·

257 4951 376 5015 munia.
404 4951 455 5015 Ita
469 4952 520 5033 50,
536 4952 566 5014 6.
581 4951 632 5034 51,
647 4952 677 5016 2.
692 4952 744 5035 52,
760 4951 789 5015 6.
805 4951 877 5033 (ἐκεῖ
887 4953 962 5017 treet.
977 4948 1070 5038 φόβῳ)
1087 4952 1138 5034 54,
1157 4951 1203 5015 13.
1219 4951 1271 5035 56,
1286 4952 1316 5015 2.
1332 4952 1382 5035 59,
1398 4950 1427 5014 2.
1445 4947 1604 5034 (ἀνεπόρισε
1619 4958 1650 5014 ot
1665 4950 1707 5014 ε’π.
1723 4949 1752 5013 ἐν
1765 4953 1800 5032 τῇ
1813 4945 1895 5035 ocio.)

257 5078 308 5161 61,
329 5080 358 5142 6.
378 5077 430 5162 64,
445 5077 475 5141 6.
497 5074 540 5164 (ἐν
558 5085 628 5144 oo..
646 5077 756 5166 μακρᾷ)
779 5079 830 5162 67,
853 5081 879 5142 1.
902 5080 951 5163 18,
971 5078 1021 5143 31.
1042 5076 1105 5164 (τοῦ
1123 5078 1273 5164 innuero.)
1294 5078 1345 5162 68,
1366 5079 1394 5143 7.
1414 5078 1465 5160 69,
1487 5077 1515 5141 1.
1538 5078 1633 5161 70,1.
1655 5075 1704 5140 18.
1725 5077 1774 5159 71,
1795 5075 1824 5140 6.
1847 5077 1895 5141 19.

258 5206 308 5288 73,
323 5206 354 5269 2.
376 5204 493 5288 76,18.
517 5206 660 5289 78,1.9.
680 5207 780 5290 79,1.
823 5207 962 5294 Insuper
986 5205 1170 5290 observavi,
1192 5209 1315 5272 formas
1337 5206 1462 5292 aliquas
1484 5203 1736 5286 Alexandrinas,
1758 5225 1840 5291 quoe
1863 5204 1897 5266 in

1582 5330 1596 5375 o
