4756 6194
922 1680 1143 1777 INDEX
1177 1679 1388 1776 LIBRI.

333 1977 363 2049 1.
389 1984 473 2049 Pas.
493 1990 519 2048 1.
536 2001 648 2060 usous
668 1988 714 2048 16.
742 2000 973 2049 nnscnmrrun
989 2001 1181 2050 concussio
1197 2000 1353 2049 conrouu
1369 2001 1512 2048 mmmm
1528 2000 1982 2050 5115115111155155155

1010 2102 1302 2162 oouoursmoauu.

392 2249 416 2309 1.
439 2248 544 2310 (lodex
564 2247 700 2308 Graecus
719 2249 789 2308 libri
808 2249 1006 2307 Numerorum
1025 2249 1239 2324 palimpsestus
1260 2249 1373 2307 saeculi
1394 2249 1489 2324 quinti
1509 2249 1558 2307 vel
1579 2250 1666 2309 sexti.
1704 2249 1854 2309 Absoluta
1890 2203 1938 2243 m

439 2335 498 2393 iam
513 2333 571 2393 hac
587 2333 789 2410 descriptione
804 2337 900 2392 totum
915 2332 996 2392 edidi
1015 2333 1046 2391 in
1060 2334 1260 2392 Monumentis
1280 2333 1376 2392 sacris
1396 2333 1531 2410 ineditis,
1552 2352 1650 2394 novae
1666 2335 1853 2395 collectionis

440 2420 589 2479 volumine
605 2419 714 2494 primo,
735 2420 923 2478 51151855.
964 2419 1061 2493 Supra
1081 2419 1186 2494 scripti
1206 2423 1276 2479 sunt
1292 2417 1418 2478 Graecis
1438 2419 1547 2478 litteris
1566 2420 1638 2478 noni
1657 2419 1719 2478 1515
1739 2421 1853 2479 saeculi

438 2504 532 2564 libelli
547 2508 609 2562 tres
624 2503 773 2579 patristici
787 2546 1853 2563 .....................
1878 2506 1959 2563 1-2

374 2588 413 2649 11.
436 2588 541 2649 Codex
563 2587 698 2648 Graecus
723 2588 937 2663 palimpsestus
958 2587 1193 2664 fragmentorum
1216 2588 1296 2647 Novi
1317 2588 1515 2647 Testamenti.
1568 2589 1752 2666 Fragmenta
1777 2588 1853 2650 haec

438 2673 673 2750 evangeliorum,
690 2677 789 2732 actum
805 2676 835 2731 et
847 2673 1042 2747 epistularum
1053 2673 1140 2732 Pauli
1155 2674 1364 2749 pertinuerunt
1379 2673 1449 2732 olim
1460 2673 1500 2733 ad
1512 2674 1633 2733 codices
1651 2679 1775 2750 septem,
1791 2679 1854 2734 tres

438 2759 534 2834 quinti
549 2758 677 2834 saeculi,
698 2758 757 2816 duo
778 2757 870 2835 sexti,
890 2757 949 2816 duo
969 2758 1096 2833 septimi.
1141 2758 1231 2817 Edidi
1252 2758 1283 2816 in
1303 2759 1409 2817 eodem
1423 2759 1681 2817 Monumentorum
1701 2777 1855 2819 sacrorum

438 2842 618 2902 ineditorum
631 2843 791 2901 volumine.
829 2842 984 2917 Scriptura
1000 2844 1231 2918 superimposita
1247 2843 1474 2917 antiquissimae
1490 2841 1641 2920 Georgica
1657 2849 1718 2921 est,
1742 2861 1803 2902 non
1822 2849 1856 2904 ut

439 2929 470 2987 in
484 2931 569 2988 textu
585 2928 713 2986 diximus
727 2927 908 2986 Armeniaca
949 2971 1854 2988 ..................
1879 2931 1960 2989 2-3

366 3013 419 3073 ΠΙ.
443 3013 547 3073 Codex
559 3011 694 3072 Graecus
708 3012 836 3071 uncialis
848 3013 1073 3090 evangeliorum
1084 3014 1187 3072 Lucae
1204 3018 1233 3072 et
1244 3011 1388 3072 Iohannis
1402 3013 1530 3090 integer,
1547 3014 1669 3072 sacculo
1688 3018 1721 3073 ut
1736 3014 1855 3073 videtur

440 3102 549 3158 octavo
566 3097 705 3172 scriptus.
740 3097 918 3172 Nupcrrime
934 3097 964 3155 in
980 3097 1193 3157 bibliothecam
1206 3098 1407 3158 (laoniensem
1418 3098 1616 3157 Bodleianam
1630 3099 1751 3158 transiit
1794 3143 1801 3157 .
1846 3100 1961 3158 .4-5

366 3184 417 3243 IV.
441 3183 547 3243 Codex
561 3183 695 3241 Graecus
716 3183 844 3241 uncialis
865 3183 1090 3259 evangeliorum
1106 3187 1263 3258 quattuor,
1285 3183 1322 3242 de
1338 3183 1447 3258 quibus
1463 3183 1565 3241 Lucae
1582 3187 1612 3241 et
1627 3182 1771 3242 Iohannis
1787 3184 1856 3243 libri

440 3272 601 3343 supersunt
617 3267 735 3343 integri.
766 3267 903 3342 Scriptus
918 3266 1038 3326 videtur
1052 3268 1175 3326 saeculo
1190 3285 1280 3327 nono.
1310 3268 1488 3343 Nuperrime
1504 3267 1639 3326 eiusdem
1654 3267 1856 3328 bibliothecae

439 3352 624 3411 Bodleianae
639 3351 737 3410 sactus
753 3355 800 3410 est
841 3394 1854 3412 ....................
1879 3356 1961 3414 5-6

383 3437 418 3496 V.
441 3436 545 3497 Godex
561 3435 696 3496 Graecus
711 3436 849 3513 uncialis,
865 3437 979 3496 saeculi
993 3437 1056 3496 fere
1073 3438 1188 3513 551511,
1204 3439 1234 3496 11
1251 3455 1310 3512 quo
1325 3437 1421 3496 maior
1435 3455 1508 3512 pars
1524 3437 1592 3496 libri
1609 3437 1736 3497 Genesis
1754 3456 1856 3513 super-

441 3525 496 3580 est.
533 3521 711 3597 Nuporrime
727 3538 794 3580 cum
810 3521 848 3580 iis
864 3521 915 3596 qui
931 3522 1118 3597 praecedunt
1132 3523 1316 3582 Bodleianus
1331 3521 1430 3581 tactus
1479 3564 1856 3582 ........
1881 3526 1962 3584 6-7

369 3605 421 3666 Vl
444 3605 548 3666 Godex
557 3606 676 3665 Veteris
686 3606 873 3665 Testamenti
883 3605 1018 3665 Graecus
1031 3609 1154 3666 saeculo
1166 3625 1245 3665 nono
1258 3606 1487 3684 adscribendus,
1499 3607 1530 3665 in
1543 3624 1603 3681 quo
1616 3611 1777 3683 supersunt
1788 3608 1858 3668 libri

440 3691 574 3751 ludicum
589 3695 620 3750 et
634 3691 713 3750 Ruth
728 3691 838 3767 integri
854 3709 920 3751 cum
936 3695 1070 3750 extrema
1085 3696 1172 3766 parte
1187 3692 1256 3751 libri
1272 3691 1390 3750 losuae.
1427 3692 1516 3751 Nunc
1531 3692 1628 3751 Musei
1643 3693 1811 3752 Britannici
1847 3736 1855 3752 .
1914 3697 1930 3752 7

355 3776 420 3836 vn.
444 3776 548 3836 Godex
559 3776 638 3835 Novi
649 3776 837 3835 Testamenti
849 3776 983 3835 Graecus
999 3795 1064 3835 cum
1081 3777 1211 3835 maxima
1226 3781 1312 3851 parte
1328 3777 1396 3835 libri
1412 3781 1533 3836 actuum
1548 3779 1762 3853 apostolorum,
1778 3796 1857 3837 anno

441 3860 551 3921 Christi
568 3863 649 3920 1054
665 3861 805 3936 scriptus.
843 3861 932 3920 Nunc
948 3866 995 3920 551
1010 3861 1105 3920 Musei
1121 3861 1287 3920 Britannici
1319 3904 1857 3922 ...........
1883 3865 1964 3922 7—8

336 3946 416 4006 VIII.
438 3946 623 4023 Fragmenta
637 3944 756 4004 Graeca
770 3945 967 4022 palimpsesta
982 3945 1148 4022 prophetae
1164 3946 1296 4024 lesaiae,
1313 3963 1410 4020 eaque
1426 3946 1540 4006 saeculi
1556 3946 1619 4006 sere
1636 3947 1764 4023 septimi.
1802 3949 1858 4007 Re·

443 4032 557 4107 scripta
570 4036 640 4089 sunt
650 4029 810 4107 Georgice,
821 4048 881 4089 non
893 4035 927 4090 ut
938 4031 969 4089 in
982 4034 1066 4089 textu
1077 4031 1188 4089 diotrrm
1202 4035 1248 4089 est
1257 4030 1445 4089 Armeniacc.
1468 4032 1648 4107 Recepimus
1658 4050 1725 4091 cum
1734 4033 1770 4091 iis
1781 4050 1858 4109 quae

441 4116 577 4191 proximo
589 4132 711 4174 numero
725 4118 891 4191 sequuntur
902 4115 1080 4192 fragmentis
1092 4116 1123 4173 in
1132 4116 1390 4174 Monumentorum
1405 4133 1482 4174 5551.
1491 4116 1570 4174 ined.
1581 4119 1719 4176 volumen
1732 4118 1859 4192 primum
1881 4118 1963 4179 8-9

368 4199 419 4260 111.
441 4201 625 4278 Fragmenta
640 4199 759 4259 Graeca
774 4201 972 4276 palimpsesto
986 4201 1112 4260 alterius
1128 4204 1159 4259 et
1173 4200 1254 4258 tertii
1269 4200 1338 4259 libri
1353 4200 1479 4277 Regum.
1515 4201 1635 4277 Scripta
1651 4206 1720 4261 sunt
1737 4204 1859 4263 saeculo

442 4284 569 4361 septimo
589 4286 638 4344 vel
658 4288 781 4363 octavo,
804 4287 875 4361 post
894 4285 1042 4360 rescripta
1058 4283 1207 4361 Georgice
1228 4283 1300 4361 (non
1315 4283 1516 4363 Armeniace).
1555 4286 1720 4346 Praeterea
1736 4285 1805 4346 vide
1821 4286 1861 4347 ad

442 4387 565 4429 numero
581 4370 652 4428 VIIl
655 4412 1859 4431 ........................
1916 4375 1933 4433 9

383 4454 418 4513 11.
442 4454 546 4514 Codex
562 4454 697 4515 Graecus
713 4455 826 4514 saeculi
841 4455 893 4513 XL
908 4457 957 4515 vel
973 4456 1020 4530 X.‚
1040 4455 1071 4513 in
1087 4473 1147 4530 quo
1163 4458 1233 4513 sunt
1253 4453 1311 4512 duo
1331 4453 1470 4515 Cassiani
1490 4456 1585 4515 libelli
1603 4456 1719 4515 Graece
1739 4456 1859 4517 redditi.

441 4540 529 4598 Nunc
544 4540 640 4598 Musei
655 4540 820 4598 Britannici
841 4581 1860 4600 ....................
1886 4545 1989 4603 9-10

369 4623 419 4682 XI.
443 4624 628 4701 Fragmenta
642 4625 848 4702 palimpsesta‚
863 4625 991 4700 primum
1006 4623 1123 4684 Graece
1139 4624 1254 4684 decimo
1270 4622 1333 4683 1515
1349 4627 1471 4685 5555515
1488 4627 1612 4703 scripta,
1628 4629 1699 4701 post
1713 4627 1863 4703 rescripta

442 4707 602 4769 Slaronice
629 4751 1860 4772 ........................
1908 4714 1947 4772 10

357 4792 423 4852 XII.
446 4793 630 4870 Fragmenta
649 4795 846 4870 palimpsesta
866 4793 1037 4854 homiletica
1057 4793 1226 4853 uncialibus
1247 4793 1355 4852 litteris
1376 4796 1489 4854 saeculi
1510 4796 1608 4870 quinti
1627 4795 1752 4872 scripta.
1789 4795 1865 4858 Post

444 4881 650 4954 superscripta
665 4883 735 4938 sunt
751 4879 902 4956 Georgica
917 4879 989 4956 (non
1004 4878 1196 4954 Armeniaca)
1213 4878 1361 4952 quaedam
1377 4921 1862 4941 ..........
1909 4884 1949 4942 10

339 4961 418 5023 XIII.
442 4964 627 5040 Fragmenta
642 4964 840 5039 palimpsesta
856 4964 941 5023 varia
957 4969 1040 5024 octo:
1062 4965 1121 5023 duo
1137 4964 1184 5024 bis
1200 4962 1316 5022 Graeco
1334 4963 1462 5040 scripta;
1487 4981 1577 5023 unum
1593 4965 1720 5040 primum
1736 4965 1863 5043 Graece,

442 5052 506 5107 tum
517 5048 652 5126 Syrisce,
667 5049 795 5123 denique
804 5047 952 5125 Georgice
965 5050 1037 5127 (non
1046 5047 1251 5125 Armeniace);
1267 5065 1357 5105 unum
1369 5047 1495 5121 primum
1507 5048 1642 5125 Goptice‚
1656 5055 1718 5110 tum
1730 5051 1863 5128 Graece,

443 5150 533 5192 unum
547 5134 674 5208 primum
688 5134 834 5210 Arabiae,
850 5137 912 5193 tum
928 5133 1059 5211 Graece3
1081 5152 1171 5196 unum
1185 5133 1311 5209 primum
1327 5131 1465 5209 Syriaco,
1481 5137 1544 5192 tum
1560 5135 1608 5194 bis
1625 5133 1775 5214 Georgice
1793 5134 1866 5216 (non

442 5217 633 5295 Armeniaca)
682 5258 1862 5280 .......................
1911 5225 1948 5281 11
