4756 6194
222 637 277 678 σεκ.
297 609 326 687 a}
345 604 385 676 οῦν
403 608 436 694 δῆ
455 613 545 694 ῥητῶν
564 607 611 674 καί
625 611 714 696 λόγων
728 609 843 694 άνιέρως
857 621 915 683 τοῖς
929 610 1010 692 ἱεροῖς

223 737 378 822 ε’πιβάδδοιν
395 736 412 804 ό
430 735 577 820 Βαρῖαάμ
594 733 641 801 καὶ
661 736 823 820 ἐπισφαλῶς
843 735 1009 820 άπηῖεγχετό

223 891 256 931 τε
268 862 315 929 καὶ
329 864 521 948 κατησχόνετο.

283 991 343 1056 Ἔτι
363 989 393 1055 τί
407 987 518 1074 εῦρηται
531 989 547 1058 ό
561 994 685 1065 τοιοῦτος
698 990 845 1075 Βαρλαάμ
858 989 949 1056 πολλά
963 987 1011 1055 καὶ

227 1123 284 1186 τῶν
302 1124 351 1203 τῆς
364 1117 480 1202 ἡσυχίας
498 1118 605 1201 ε’θιμοιν
619 1117 764 1202 ἐγγράφοις
776 1120 951 1202 διαστρέψας
963 1116 1011 1183 καὶ

227 1246 431 1330 κατηγορήσας,
453 1242 514 1328 ἅμα
532 1243 563 1310 δὲ
576 1240 623 1310 καί
637 1250 671 1328 τῆ
689 1245 804 1328 συνῆθει
820 1244 927 1320 τείποις
944 1249 1011 1328 μάλ-

227 1379 276 1439 λον
289 1371 319 1439 δὲ
336 1377 407 1438 πάσι
420 1382 479 1445 τοῖς
494 1381 675 1454 Χριστιανοῖς
693 1376 829 1456 προσευχῆ
843 1371 1013 1454 ε’πιθεμενος,

228 1506 262 1584 τῆ
284 1500 371 1583 Κίριε
391 1499 479 1582 Ἰησοῦ
500 1496 607 1581 ΧριστιῖΙ
628 1496 667 1564 υἱὲ
687 1504 737 1565 τοῦ
757 1503 827 1564 θεοῦ
849 1498 958 1584 εῖέησόυ
971 1525 1012 1582 με.

229 1628 391 1712 διελάμβανε
416 1626 470 1711 γάρ
496 1624 544 1691 καὶ
568 1624 631 1709 περὶ
652 1626 754 1710 ταότης
776 1626 817 1691 ἐπ’
842 1626 934 1692 αῦτῶν
956 1631 1013 1691 τῶν

228 1757 328 1833 λέξεων
351 1753 535 1837 οῦτωσίΈγῶ
556 1757 667 1818 nov-036
687 1751 775 1819 όντων
798 1751 818 1818 ά
838 1780 880 1827 τις
901 1751 937 1818 άν
958 1753 1013 1837 ἔχοι

230 1886 342 1957 δικαίως
356 1882 478 1966 έγκοιῖεῖν
491 1885 532 1961 τιῆ
546 1885 595 1964 τῆς
608 1879 736 1963 τοιαῦτης
750 1882 931 1954 διδασκαίίας
944 1879 1012 1964 ῦιοη-

229 2016 304 2096 γητῆ,
326 2008 437 2082 σι’δενός
457 2008 573 2072 ἔλαττον
593 2005 709 2091 ἡγοῦμαι
730 2004 888 2080 καὶτοῦτο,
912 2003 954 2072 ότι
975 2005 1013 2072 τά

229 2140 407 2223 Χριστιανῶν
422 2135 562 2218 ἐπιχειρῶν
576 2134 622 2201 διά
636 2139 693 2198 τῶν
704 2136 838 2200 είσπνοῶν
849 2134 1013 2217 ἀνατρέπειν

229 2264 372 2350 μιστῆρια,
393 2271 563 2345 συκοφαντεῖ
579 2258 628 2325 κιά
649 2261 713 2334 τοῦς
731 2262 864 2346 πατέρας,
883 2261 923 2334 ῶς
941 2259 1013 2344 άπερ

230 2398 277 2460 νῦν
291 2390 376 2465 αι’πῦς
390 2388 547 2464 ἐκδιδάσκει,
563 2393 654 2454 ταῦτα
667 2388 808 2461 κάκείνους
819 2388 1014 2471 φρονήσαντας

230 2520 371 2604 πρότερον.
387 2516 548 2602 ἐμβρόντητε
563 2512 611 2580 καὶ
623 2517 711 2599 μιαρέ,
727 2517 769 2589 τίς
781 2516 895 2581 ποόποτε
906 2517 1014 2580 ἐκείνων

231 2653 316 2732 νῆψιν
333 2642 381 2710 καὶ
398 2643 523 2727 φυλακην
542 2645 659 2725 καρδίας
672 2640 721 2708 καῖ
734 2643 873 2727 προσοχὴν
886 2642 1015 2726 τοιαύτην

230 2775 374 2859 τερατείαν
399 2769 462 2836 οἵαν
486 2770 520 2835 σὺ
546 2771 709 2853 παραδίδως
730 2769 873 2853 ῶνόμασες
894 2767 965 2855 φασὶ
985 2767 1016 2835 δῦ

231 2908 328 2968 τοῦτον
345 2898 590 2980 νενομοθετηκεῦαι
605 2907 664 2970 τοῖς
681 2897 797 2981 μόσταις
814 2897 877 2982 εῦχῆ
890 2902 1016 2982 χρῆσθαι

233 3027 385 3100 διαπαντὸς
406 3021 494 3096 οῦτως
520 3024 617 3108 ε’χοόση
638 3023 724 3107 Κόριε
744 3024 832 3108 Ἰησοῦ
852 3022 959 3108 Χριστέ
976 3022 1015 3089 υἱὲ

233 3163 282 3224 τοῦ
299 3158 370 3221 θεοῦ
388 3150 498 3234 ε’ῖεῆσόν
516 3178 557 3234 με.
576 3152 631 3216 κάκ
649 3153 747 3217 τοῦτου
766 3147 813 3217 οῦν
831 3152 888 3218 ἔστι
901 3159 1016 3217 συνιδεῖν

233 3285 330 3358 ὁποῖος
356 3277 389 3366 ῆν
417 3279 433 3345 ὁ
461 3282 518 3343 τῶν
543 3279 679 3344 εἰσπνοῶν
701 3278 816 3363 εῦρετῆς.
838 3279 871 3346 τό
892 3277 941 3362 μὲν
962 3279 1016 3364 γάρ

235 3412 334 3494 Πάνυ
351 3409 436 3493 θεῶν,
456 3401 479 3487 ὦ
498 3407 698 3489 &wewam
716 3408 742 3471 οἱ
759 3407 917 3490 Βνιὸνλν
932 3411 1017 3491 ιιῶι·

234 3566 289 3612 ται,
309 3536 341 3602 οῦ
354 3544 518 3618 νομοθετεῖ·
537 3532 607 3599 οῦετο
622 3533 675 3618 γάρ
689 3531 761 3601 οῦτω
775 3533 930 3616 κατάδηλος
944 3533 1016 3599 ἔσεσ-

235 3675 298 3730 θαι.
313 3662 354 3737 οἷς
368 3663 391 3727 δ
407 3659 483 3744 ῦμιυς
496 3661 583 3743 ταῦτη
597 3660 666 3743 μόνη
679 3666 713 3742 τῆ
727 3666 810 3745 μικρᾷ
823 3660 887 3744 εῦχῆ
898 3659 945 3725 διὰ
957 3664 1017 3746 βίου

234 3792 413 3876 προσανέχειν
444 3789 624 3869 ἱπστίθετια,
658 3788 765 3861 τοίτας
792 3788 845 3862 τάς
872 3814 902 3872 γε
929 3786 1019 3861 &vae

236 3918 354 3991 ἁπάσας
380 3916 463 4000 εῦχάς
488 3917 671 4001 βαττοδυγίαν
696 3915 895 4000 καταλιμπάνει
919 3916 1019 3999 νομίζε-

235 4057 319 4113 σθαι·
335 4045 376 4118 οἷς
391 4047 413 4109 δ
429 4039 515 4117 αῦθις
527 4043 641 4109 πάντων
649 4047 827 4126 Χριστιανῶν
841 4043 871 4107 έν
884 4043 970 4125 ταῦτη
985 4048 1019 4125 τῆ

236 4174 298 4258 εῦχῆ
324 4172 373 4239 τόν
399 4171 490 4254 κόριον
513 4169 589 4254 ῆμῶν
609 4169 713 4253 Ἰησοῦν
733 4168 859 4253 Χριστόν
879 4167 927 4235 καὶ
948 4170 1019 4237 θεόν

234 4300 311 4384 ἡμῶν
332 4299 504 4372 κοίοῦντων,
527 4292 607 4370 οῦτος
628 4296 661 4362 τὸ
680 4297 714 4364 Ὁ
729 4297 800 4370 θεὸς
819 4296 903 4380 ἡμῶν,
925 4298 964 4370 είς
985 4296 1018 4362 τό

239 4425 290 4493 Τά
307 4431 356 4492 τοῦ
373 4430 454 4507 θεοῦ,
476 4425 631 4508 μετειῖηφε·
653 4425 760 4498 τοίτοις
777 4422 810 4490 τό
824 4429 883 4489 πάν
896 4429 945 4508 τῆς
958 4423 1019 4488 ἑαυ

236 4559 285 4619 τοῦ
298 4555 465 4630 κακοδοξίας
477 4551 539 4635 ῆμῖν
554 4551 723 4634 ε’ξεκάλιπμιε.
737 4557 778 4633 τῷ
792 4551 846 4635 γάρ
859 4554 915 4616 τῶν
924 4556 1019 4634 Βαγο

236 4682 323 4764 μθονν
342 4679 508 4753 άκοῖοῦθιυς
527 4680 641 4763 δόγματι
658 4678 822 4762 μεταβάίίει
835 4676 883 4743 καὶ
897 4672 1020 4752 οῦτσςίν

237 4813 271 4889 τῆ
285 4808 407 4890 είρημίνη
421 4807 483 4892 εῦχῆ
498 4805 530 4872 τὸ
543 4806 576 4873 ’0
590 4805 660 4880 θεὸς
673 4805 758 4890 ἡμῶν,
773 4807 811 4879 εά·
824 4804 857 4872 τό
875 4803 925 4870 Ti}
938 4810 1021 4872 θεοῦ·

238 4932 296 4999 ἐπεὶ
318 4932 404 5017 άλλην
425 4961 454 5018 γε
471 4935 564 4998 αἰτίαν
578 4933 609 4998 δι’
633 4932 666 5015 ῆν
680 4933 729 5017 τῆν
746 4935 874 5016 τοιαῦτην
891 4934 1022 5016 πεποίηκε

237 5061 399 5145 μετιιβολῆν,
414 5061 463 5126 οῦκ
477 5059 513 5125 άν
526 5061 610 5124 εἰπεῖν
623 5086 665 5134 τις
679 5061 741 5144 ἔχοι.

1825 404 1866 469 51

1140 609 1202 675 Καὶ
1223 615 1315 676 ταῦτα
1336 607 1385 694 μέν
1403 608 1419 677 6
1441 610 1625 684 ἀτοπώτατος
1646 609 1803 693 Βορῖαάμ·
1825 608 1864 675 τά

1077 735 1107 803 δὲ
1121 734 1169 803 καὶ
1183 737 1257 804 αι’πά
1272 737 1446 811 άπεναντίως
1464 738 1517 820 ἔχει
1530 736 1644 810 πάντως
1658 741 1692 818 τῆ
1706 739 1863 819 μακαριστῆ

1077 870 1157 949 φακῆ
1175 869 1224 931 τοῦ
1243 866 1374 948 θεμθάνυ
1391 869 1441 949 τῆς
1458 866 1578 938 πίστεως
1592 865 1704 948 Πέτρου
1720 866 1770 928 τοῦ
1787 888 1864 946 κορυ

1078 994 1165 1075 φαίου
1178 997 1235 1057 τῶν
1247 996 1389 1076 μαθητῶν
1405 987 1455 1057 καί
1467 997 1508 1072 τῷ
1522 990 1563 1056 ἐπ’
1581 991 1650 1073 αῦτῆ
1665 994 1714 1055 τοῦ
1728 988 1864 1055 δεσπότου

1077 1123 1251 1202 μακαρισμῷ.
1277 1117 1294 1185 ό
1313 1115 1363 1202 μέν
1383 1118 1438 1204 γάρ
1461 1119 1518 1184 εἷπε
1539 1117 1610 1200 πρός
1631 1116 1715 1183 αῦτόν
1735 1115 1780 1181 Σῦ
1801 1115 1829 1179 εἷ
1846 1110 1862 1180 6

1078 1245 1204 1328 Χριστός
1225 1245 1241 1311 ό
1260 1243 1319 1320 υίὸς
1335 1247 1386 1313 τοῦ
1403 1249 1475 1312 θεοῦ
1493 1249 1542 1310 τοῦ
1562 1248 1676 1321 ζῶντος·
1695 1240 1756 1311 όδὲ
1773 1241 1864 1324 κόριος

1080 1372 1150 1456 πρὸς
1165 1372 1249 1440 αι’τόν
1257 1372 1409 1456 Μακάριος
1421 1372 1549 1456 εῙΣίμονν
1562 1371 1618 1457 βάρ
1629 1372 1720 1445 Ἰωνᾶ,
1733 1367 1776 1436 ότι
1789 1367 1863 1451 σάρξ

1079 1497 1127 1564 καί
1142 1499 1212 1583 αἷμα
1225 1499 1275 1566 οῦκ
1289 1498 1516 1585 άπεκάλιιιγόσοι,
1530 1498 1588 1563 ἀλλ’
1605 1498 1621 1565 6
1635 1497 1727 1580 πατῆρ
1739 1523 1793 1580 μου
1806 1493 1864 1561 biv

1079 1637 1138 1701 τοῖς
1151 1627 1286 1710 οὐρανοῖς.
1301 1626 1375 1692 om&
1389 1624 1437 1691 καί
1451 1626 1480 1690 ἐν
1494 1632 1534 1706 τιῆ
1548 1625 1674 1711 συμβόλῳ
1685 1629 1734 1708 τῆς
1744 1625 1864 1696 πίστεως

1080 1755 1259 1837 Πιστεῦομεν,
1281 1756 1399 1838 ῖέγομεν,
1420 1755 1460 1826 είς
1481 1753 1531 1817 ἕνα
1548 1753 1618 1819 θεὸν
1636 1754 1746 1834 πατέρα
1763 1776 1864 1816 παντο

1079 1882 1203 1964 κράτορα
1218 1879 1264 1946 καί
1279 1883 1319 1955 εἰς
1332 1881 1382 1947 τόν
1395 1880 1453 1947 υἱόν
1466 1886 1516 1947 τοῦ
1529 1885 1600 1945 θεοῦ
1613 1879 1662 1946 τὸν
1672 1881 1801 1962 μονογενῆ
1813 1874 1863 1943 τόν

1080 2009 1110 2072 έκ
1131 2012 1180 2074 τοῦ
1200 2008 1309 2091 πατρὸς
1330 2009 1499 2092 γεννηθέντα
1518 2007 1572 2090 πρό
1591 2007 1706 2072 πάντων
1722 2009 1779 2070 τῶν
1799 2003 1863 2069 αιἰῦ

1080 2163 1143 2199 νων.
1163 2131 1206 2218 ἆρ’
1224 2128 1271 2202 οῦν
1285 2135 1317 2200 οῦ
1328 2134 1399 2202 θεὸν
1418 2136 1488 2200 εἶναι
1501 2134 1550 2201 τόν
1564 2133 1689 2217 Χριστόν
1704 2131 1862 2214 δοξάζομεν,

1080 2261 1139 2328 ἐπεὶ
1153 2262 1286 2329 πιστεῦειν
1298 2260 1390 2346 φαμὲν
1403 2263 1443 2335 εἰς
1455 2261 1504 2328 τόν
1516 2263 1575 2329 υἱὸν
1588 2266 1638 2327 τοῦ
1651 2264 1737 2335 θεοῦς

1147 2388 1222 2474 Φησὶ
1241 2388 1270 2454 δὲ
1284 2388 1346 2473 περὶ
1359 2394 1408 2474 τῆς
1421 2389 1549 2472 τοιαῦτης
1561 2390 1637 2471 ἱεράς
1650 2393 1802 2471 προσευχῆς
1815 2383 1863 2452 καὶ

1081 2517 1097 2585 6
1110 2516 1304 2602 χρυσορρῆμων
1318 2514 1365 2581 καί
1376 2526 1457 2590 θεῖος
1467 2517 1632 2591 διδάσκαλος
1643 2515 1771 2598 Ἰωάννης
1780 2514 1862 2596 μονά-

1082 2647 1172 2723 ζουσιν
1186 2644 1350 2710 ἕπιστεδῖαν
1364 2645 1531 2728 Σχοῖάσατε
1545 2641 1698 2715 διαπαντός
1712 2639 1759 2706 καί
1772 2668 1863 2725 παρα-

1081 2773 1191 2856 μείνατε
1212 2773 1294 2855 κυρίῳ
1319 2776 1359 2852 τιῆ
1381 2776 1443 2851 θειῆ
1465 2769 1556 2855 ῆμιῦι,
1582 2772 1634 2844 ἕως
1656 2764 1689 2835 οῦ
1714 2768 1864 2852 οίκτειρῆση

1081 2897 1167 2983 όιᾶν·
1195 2895 1242 2962 καὶ
1266 2894 1349 2981 ιιδῖν
1375 2899 1466 2981 ἕνον
1493 2897 1622 2981 ζιτῖσιυ
1646 2894 1663 2981 ἢ
1684 2897 1768 2980 νῦν
1790 2896 1865 2969 ἕνα

1082 3024 1163 3110 παρά
1181 3029 1231 3091 τοῦ
1244 3027 1337 3108 κυρίου
1354 3031 1403 3109 τῆς
1417 3027 1510 3108 δόξης·
1530 3028 1671 3108 ζητοῦντες
1684 3022 1714 3089 δὲ
1728 3026 1813 3099 ἕῖεος,
1835 3023 1865 3103 ἐν

1082 3159 1197 3236 ταπεινῆ
1215 3150 1262 3217 καὶ
1281 3152 1379 3235 θεειιῆ
1399 3155 1500 3236 καρδίᾳ
1514 3157 1627 3235 ζητεῖτε,
1647 3150 1694 3216 καὶ
1706 3156 1792 3237 βοάτε
1806 3151 1865 3219 άπὸ

1083 3278 1155 3365 προνῦ
1174 3281 1226 3354 ἕως
1243 3281 1370 3363 ἑσπέρας,
1392 3281 1418 3344 εἰ
1434 3279 1552 3346 δυνατόν
1569 3277 1617 3343 καὶ
1630 3276 1695 3363 ὅλην
1708 3279 1758 3363 τῆν
1770 3279 1864 3353 νῦκτα,

1084 3409 1117 3475 τό
1131 3408 1218 3492 Κῦριε
1230 3407 1325 3491 Ἰησοῦ
1339 3403 1445 3488 Χριστό
1462 3404 1502 3471 υἱὲ
1514 3410 1563 3471 τοῦ
1577 3411 1648 3472 θεοῦ
1661 3406 1770 3489 θεησον
1784 3405 1864 3490 ῆμάς.

1084 3540 1241 3619 παρακαίῶ
1261 3529 1308 3600 οῦν
1326 3534 1406 3617 ῦμάς,
1427 3533 1570 3618 βιάσασθε
1589 3532 1638 3600 τόν
1656 3537 1720 3599 νοῦν
1738 3531 1813 3616 ῦμῶν
1827 3535 1866 3606 είς

1084 3667 1166 3728 τοῦτο
1191 3661 1223 3728 τὸ
1251 3663 1329 3745 ἔργον
1357 3662 1409 3734 ἕως
1433 3660 1572 3725 θανάτου.
1599 3664 1701 3744 πολλῆς
1727 3659 1780 3743 γάρ
1801 3663 1866 3744 βίας

1084 3789 1174 3873 χρῆζει
1190 3789 1223 3855 τό
1244 3789 1322 3872 ἔργον
1339 3793 1433 3862 τοῦτο,
1455 3784 1498 3854 ότι
1516 3786 1596 3871 στενῆ
1614 3787 1686 3853 ε’στιν
1705 3785 1804 3870 ῆπῦλη
1818 3784 1866 3852 καὶ

1085 3919 1249 4000 τεθλιμμόη
1263 3915 1279 3999 6
1293 3915 1358 3990 ὁδὸς
1370 3914 1387 3999 6
1403 3915 1553 3998 ἀπάγουσα
1567 3915 1606 3988 είς
1618 3914 1667 3999 τῆν
1682 3915 1761 3998 ζαῆν,
1779 3912 1826 3979 καί
1840 3916 1868 3980 οἱ

1085 4045 1238 4129 βιαζόμενα
1256 4043 1423 4127 εἰσέρχονται
1441 4042 1470 4106 έν
1489 4041 1569 4124 α’ντῆ·
1588 4046 1710 4127 βιαστῶν
1726 4041 1780 4126 γάρ
1794 4042 1866 4107 ἔστιν

1085 4171 1102 4256 6
1120 4173 1248 4257 βασιλεία
1265 4174 1322 4236 τῶν
1340 4170 1472 4253 οὐρανῶν.
1491 4174 1649 4253 παρακαίιῦ
1663 4164 1711 4234 οῦν
1724 4168 1807 4252 ῦμάς,
1829 4168 1866 4254 μῆ

1084 4302 1213 4383 χωρίζετε
1231 4298 1285 4373 τάς
1307 4300 1424 4381 καρδίας
1444 4296 1520 4379 ῦμῶν
1543 4295 1602 4364 άπὸ
1623 4300 1672 4361 τοῦ
1692 4300 1771 4370 θεοῦ,
1793 4295 1867 4360 ἀλλά

1085 4427 1250 4508 προσμίνετε
1271 4422 1318 4490 καὶ
1339 4425 1490 4508 φυλάττετε
1510 4422 1595 4508 αῦτῆν
1611 4424 1682 4507 μετά
1699 4427 1748 4506 τῆς
1764 4423 1868 4506 μνῆμης

1086 4559 1135 4618 τοῦ
1156 4554 1248 4636 κυρίου
1269 4551 1345 4635 ἡμῶν
1363 4552 1450 4634 Ἰησοῦ
1469 4555 1595 4633 Χριστοῦ
1612 4550 1740 4623 πάντοτε,
1763 4550 1815 4624 ἕως
1836 4545 1868 4615 οῦ

1088 4679 1246 4762 ε’μφντιυθῆ
1264 4677 1297 4744 τό
1316 4677 1404 4760 ὄνομα
1422 4683 1471 4743 τοῦ
1489 4679 1581 4759 κυρίου
1595 4677 1649 4743 ἔσω
1665 4677 1693 4740 ε’ν
1706 4681 1740 4759 τῆ
1754 4679 1867 4760 καρδίην

1088 4804 1136 4872 καὶ
1153 4804 1236 4889 μηδὲν
1249 4807 1341 4887 ἕτερον
1355 4805 1469 4870 ἐννοεῖτε
1482 4802 1498 4887 ῆ
1513 4802 1559 4868 ἵνα
1571 4808 1731 4887 μαγιθυιθῆ
1746 4803 1872 4885 Χριστός

1089 4935 1118 4998 ἐν
1138 4933 1206 5016 ῦμῖν.
1229 4936 1387 5014 παρακαῖῶ
1406 4927 1454 4997 οἷν
1471 4930 1555 5013 ῦμάς,
1576 4931 1626 4998 τόν
1645 4931 1751 4997 κανόνα
1768 4930 1871 5012 ταῦτης

1088 5065 1138 5144 τῆς
1160 5064 1311 5144 προσευχῆς
1328 5060 1462 5142 μηδέποτε
1479 5058 1677 5140 καταπαῦσητε
1695 5055 1713 5141 6
1731 5082 1871 5141 καταφρο

1535 5176 1571 5226 7*
