4756 6194
260 647 390 726 ρωθῆναι
410 652 469 715 τοῖς
489 640 644 724 μιαιφόνοις
661 639 811 714 Ἰουδαίοις,
832 638 898 722 παρ’
923 638 991 704 αὐτὸ
1014 639 1047 705 τό

258 769 363 851 μελίαν
384 765 429 833 ε’πί
443 766 493 851 τῆν
506 767 643 833 παστάδα
656 766 781 852 άγεσθαι
794 764 844 850 τῆν
857 767 1003 848 παρθένον
1017 765 1047 830 ἐκ

261 896 416 978 πνεόματος
430 893 509 979 ᾶγίου
523 899 667 978 συλλαβεῖν
678 894 895 977 ἀναγέγραπται,
905 892 945 966 ὡς
956 890 1046 977 άνδρα

260 1022 362 1105 ταίτης
401 1024 570 1106 χρηματισαι
594 1019 643 1087 τόν
666 1019 768 1104 Ἰωσῆφ
794 1017 842 1084 καὶ
866 1021 976 1103 πατέρα
997 1026 1046 1086 τοῦ

259 1149 355 1232 Ἰησοῦ,
377 1148 426 1214 τόν
445 1147 530 1214 αὐτόν
547 1147 651 1230 τρόπω
669 1151 719 1212 τοὺ
731 1147 811 1229 Ἰωσῆ
831 1143 878 1211 καὶ
892 1152 941 1212 τοὺ
953 1146 1044 1211 Ἰωιοό

260 1283 310 1360 βου
336 1278 445 1342 παίδων
470 1272 558 1341 όντων
579 1278 628 1339 τοὺ
648 1274 776 1347 τέκτονος
795 1271 896 1356 Ἰωσῆφ
917 1272 1044 1355 παιδοιῆν

261 1403 385 1488 ἀγόντων
418 1401 524 1485 ῆλικίαν
557 1401 586 1465 ἐκ
614 1402 847 1484 προηγησαμένων
874 1399 970 1483 γάμων
997 1397 1045 1465 καί

261 1529 534 1614 προτετελεὺτηκυίας
553 1526 680 1612 γυναικός
697 1526 783 1611 μῆτηρ
801 1526 967 1610 ῆθεοτόκος
981 1553 1046 1608 προ

260 1657 419 1741 σηγορεόειό
437 1682 468 1721 τε
486 1653 534 1720 καὶ
552 1655 710 1738 όνομάζετο.
732 1653 820 1738 ταίτη
837 1678 881 1719 τοι
897 1649 946 1718 καί
962 1658 1045 1738 βλασ-

260 1789 412 1867 φημοῦντες
436 1780 512 1847 κατᾶ
539 1786 589 1846 τοῦ
614 1784 738 1863 σωτῆρος
759 1780 850 1864 ἔλεγον
872 1779 1047 1846 οίἸουδαῖοι

264 1910 322 1994 Οόχ
340 1905 421 1983 αὑτός
439 1909 512 1974 ἔστιν
530 1907 546 1973 ὁ
565 1913 615 1974 τοῦ
633 1909 761 1981 τέκτονος
774 1907 845 1983 υίόςς
866 1905 916 1992 οὑχ
928 1905 946 1991 ῆ
958 1905 1046 1992 μῆτηρ

261 2037 345 2103 αὑτοῦ
362 2038 470 2122 λέγεται
486 2038 589 2120 Μαρία
607 2033 654 2101 καί
673 2036 700 2098 οἱ
717 2032 833 2119 ἀδελφοί
849 2033 982 2119 Ἰάκωβος
998 2031 1047 2101 καλ

258 2163 353 2248 Ἰωσῆς
372 2161 728 2247 καίΣιμωνκαίἸοόδαςς
748 2158 1048 2246 καλδιοὶτωὺιοόμόν
1072 2180 1096 2215 -··

258 2291 388 2374 Ἰωάννης
406 2289 453 2355 καί
475 2290 557 2373 παρὰ
580 2289 629 2355 τὸν
651 2287 773 2372 σταυρόν
795 2288 922 2355 ἔστωσαν
945 2285 1047 2373 οίαδῆ

258 2417 329 2501 μετά
349 2418 508 2502 παρρησίας·
527 2422 670 2500 θεολογῶν
688 2417 719 2480 έκ
738 2422 788 2500 τῆς
810 2414 948 2497 ἀληθείας
962 2414 1048 2498 αι’πῆς

259 2546 363 2628 μητέρα
376 2549 426 2610 τοῦ
438 2545 527 2628 Ἰησοῦ
544 2545 772 2629 προσηγόρευσεν·
795 2543 821 2609 οἱ
834 2538 866 2609 δό
877 2538 976 2609 πολλοὶ
988 2546 1045 2607 τᾶν

259 2672 455 2757 εόαγγελιστᾶν
474 2670 512 2736 τᾶ
530 2671 622 2736 πολλά
639 2668 701 2754 περὶ
718 2669 768 2755 τῆν
787 2669 944 2753 σι’κονομάιτ
962 2667 1045 2753 άσχο-

258 2800 390 2881 λεχθέντες
410 2799 587 2881 οίκονομυωῐς
611 2798 697 2882 αότῆν
717 2799 821 2881 μητέρα
841 2795 974 2880 Ἰακοίβου
996 2792 1044 2860 καί

258 2925 337 3010 Ἰωσῆ
357 2924 590 3008 προσηγόρευσαν.
620 2920 694 2990 οὑτοι
719 2924 772 3007 γάρ
797 2919 869 3006 ῆσοιν
890 2924 917 2987 σί
938 2928 1044 3006 πρῶτοι

258 3050 305 3118 καί
327 3054 452 3135 ε’πισημοι
472 3058 570 3126 παῖδες
592 3057 642 3116 τοῦ
663 3051 772 3135 Ἰωσήφ,
795 3055 876 3116 τοῦτο
899 3055 1044 3134 δηλοῦντος

258 3185 307 3246 τοῦ
324 3179 406 3264 λόγου
425 3183 534 3263 σαφῶς,
557 3176 600 3245 ότι
617 3178 688 3263 μετά
707 3178 808 3262 ταότης
826 3182 875 3260 τῆς
889 3178 1045 3258 οἰκονομίας

257 3306 304 3373 καί
323 3311 373 3390 τῆς
391 3306 520 3371 ἐντεῦθεν
538 3304 672 3379 ὑπονοίας
690 3303 869 3387 άκινδόνωςῆ
886 3306 989 3387 Μαρία
1004 3309 1044 3383 τιῆ

256 3435 382 3517 σωτηρίῳ
402 3432 493 3498 πάθω
510 3438 610 3517 παρῆν.
632 3433 659 3497 εἰ
675 3432 729 3516 γάρ
743 3432 889 3516 παρθένος
903 3430 1044 3515 έπεγινυίσ-

1858 440 1901 507 25

1114 667 1177 705 κετο
1199 650 1257 713 τοῖς
1277 645 1402 715 πολλοῖς,
1425 638 1480 707 ὑπὸ
1509 648 1566 707 των
1586 642 1737 727 βασκάνων
1757 644 1898 710 Ἰουδαιων

1114 766 1243 832 ᾶποίλετο
1262 765 1306 833 άν.
1329 768 1401 833 ἔστιν
1421 767 1450 832 δὲ
1469 767 1554 852 αὑτῆν
1571 768 1653 852 παρά
1671 780 1730 844 τοῖς
1748 770 1897 855 εὐαγγελισ-

1112 904 1176 968 ταῖς
1197 893 1245 960 καί
1267 899 1316 960 τοῦ
1337 894 1398 968 ἑνός
1418 895 1502 979 μόνου
1521 899 1578 960 τᾶν
1599 897 1708 962 παίδων
1728 903 1778 963 τοῦ
1793 897 1896 982 Ἰωσὴφ

1112 1020 1300 1105 όνομασμένην
1336 1021 1422 1106 εὑρεῖν
1456 1019 1574 1105 Μαρίαν
1605 1021 1654 1106 τῆν
1684 1022 1817 1109 ’Ἰακώβου
1849 1022 1897 1089 καί

1110 1148 1198 1232 Ἰωσῆ.
1231 1149 1247 1214 ό
1279 1146 1309 1213 δὲ
1343 1150 1463 1232 Μάρκος
1488 1148 1629 1234 Ἰακώβου
1660 1147 1707 1214 καί
1734 1150 1822 1234 Ἰωσῆ
1850 1177 1896 1233 μη

1111 1277 1179 1359 τέρα
1208 1274 1293 1358 αὑτὴν
1321 1278 1407 1350 εἶπεν,
1434 1271 1596 1359 ἐπείπερῆν
1624 1274 1708 1349 ἄλλος
1727 1275 1896 1361 Ἰάκωβοςό

1112 1407 1162 1467 τοῖν
1174 1403 1320 1485 Ἀλσαιόο,
1335 1400 1382 1467 καὶ
1397 1401 1443 1468 διά
1457 1406 1539 1468 τοῦτο
1551 1403 1645 1486 μέγας,
1661 1399 1703 1469 ότι
1716 1413 1774 1476 τοῖς
1789 1403 1897 1468 δυόδεκα

1114 1528 1280 1602 ἀποστόλοις
1291 1531 1486 1612 συνηριθμετο·
1502 1528 1517 1594 ὁ
1530 1529 1584 1613 γάρ
1595 1528 1689 1612 μικρός
1700 1529 1748 1595 οὑκ
1758 1524 1791 1614 ῆν
1802 1530 1897 1604 αὑτοῖς

1112 1654 1281 1741 ἔναρίθμος.
1316 1657 1420 1738 Μαρία
1434 1652 1463 1720 δὲ
1476 1654 1493 1738 ῆ
1507 1661 1557 1720 τοῦ
1570 1660 1685 1721 mono
1698 1655 1715 1740 ῆ
1729 1653 1777 1721 καὶ
1792 1656 1896 1740 άδεληῆ

1111 1787 1161 1867 τῆς
1176 1780 1280 1867 μητρός
1296 1786 1347 1848 τοῦ
1364 1783 1456 1865 κυρίου
1474 1785 1728 1867 προσαγορευομενη
1746 1781 1897 1867 εὑρίσκεται

1113 1909 1142 1974 έν
1162 1920 1222 1985 τοῖς
1239 1906 1419 1995 ἀντιγράφω
1436 1914 1493 1974 τᾶν
1511 1909 1733 1993 ἑρμηνευσόντων
1751 1912 1896 1994 μακαρίαν

1112 2032 1160 2102 καί
1173 2035 1338 2121 όρθοδόξων
1350 2038 1479 2120 πατέρων
1493 2035 1540 2101 καί
1555 2036 1730 2102 διδασκάλων
1744 2033 1840 2112 οὑτως,
1855 2034 1896 2103 ότι

1111 2166 1243 2237 Κλωπᾶς
1264 2160 1312 2228 καί
1333 2162 1479 2237 όδίκαιος
1496 2159 1622 2246 Ἰωακεόμ
1644 2161 1758 2246 ἀδελφοί
1774 2161 1897 2248 ὑπῆρχον

1112 2287 1222 2375 γνῆσιοι
1244 2294 1294 2355 τοῦ
1311 2295 1426 2355 Κλωπᾶ
1448 2285 1495 2355 οὑν
1514 2289 1698 2375 γεγαμηκότος
1716 2287 1763 2354 καὶ
1782 2289 1897 2356 ἀτέκνου

1112 2417 1324 2498 τελευτήσαντος
1350 2414 1511 2499 ὁἸωακείμ
1532 2416 1607 2482 κατὰ
1628 2416 1661 2482 τὸ
1683 2422 1740 2481 τᾶν
1760 2417 1896 2501 Ἐβραίων

1114 2543 1184 2618 ἔθος
1213 2543 1398 2617 συνουσιάσας
1422 2543 1492 2626 μετά
1518 2548 1568 2626 τῆς
1593 2548 1643 2607 τοῦ
1669 2544 1790 2627 ἀδελφοῦ
1811 2543 1897 2609 αὑτοῦ

1111 2669 1237 2753 γυναικός
1258 2670 1395 2754 ἐγέννησεν
1416 2668 1465 2754 τῆν
1485 2670 1612 2753 Μαρίαν.
1636 2670 1728 2736 ἔκτοτε
1746 2666 1793 2736 οὑν
1811 2696 1896 2735 κατα-

1110 2794 1198 2861 λιπιόν
1219 2795 1304 2880 αὑτῆν
1330 2795 1531 2878 ἔμνηστείσατο
1548 2794 1656 2861 Ἅνναν
1677 2797 1726 2881 τῆν
1750 2798 1896 2881 θυγατέρα

1113 2928 1246 2988 Ματθᾶν
1267 2927 1316 2988 τοῦ
1334 2923 1438 3006 ἱερέως,
1466 2923 1495 3000 ἐξ
1516 2919 1549 3007 ῆς
1574 2925 1712 3008 ἐγέννησεν
1736 2923 1787 3007 τὴν
1807 2947 1896 2988 πανα-

1111 3051 1174 3134 γίαν
1188 3049 1331 3114 θεοτόκον.
1351 3054 1475 3115 καλείτω
1493 3044 1541 3115 οὑν
1559 3049 1576 3133 ῆ
1597 3053 1700 3134 Μαρία
1719 3055 1768 3116 τοὺ
1782 3056 1897 3116 Κλωπᾶ

1111 3177 1216 3260 ἀδελφὴ
1234 3181 1283 3259 τῆς
1307 3176 1410 3260 μητρός
1423 3182 1473 3242 τοῦ
1486 3180 1591 3261 κυρίου,
1613 3177 1653 3252 ὡς
1665 3174 1741 3243 κατά
1754 3177 1835 3261 φύσιν
1848 3175 1897 3261 μὲν

1112 3304 1141 3380 ἐξ
1154 3301 1279 3386 Ἰωακείμ
1293 3314 1471 3387 γεννηθείσα,
1491 3303 1566 3369 κατά
1580 3303 1661 3388 χάριν
1675 3301 1705 3369 δέ
1718 3308 1769 3370 τοῦ
1781 3310 1897 3370 Κλωπᾶ

1111 3431 1239 3514 θυγάτηρ
1254 3430 1403 3496 ᾶκοόουσα.

360 3559 502 3644 Pergam
528 3559 562 3622 in
590 3557 806 3624 describendo
835 3556 949 3622 codice
977 3567 1100 3622 nostro.
1150 3556 1221 3621 Fol.
1246 3555 1295 3620 15.
1325 3566 1416 3620 recto
1443 3557 1589 3642 sequitur
1613 3557 1732 3642 εόσέβως
1751 3563 1897 3640 καρπιιωώ

257 3687 393 3771 άγαπηιῶ
408 3685 529 3769 άδιλιρώ,
549 3686 577 3750 ἐν
591 3689 674 3769 κυρίω
687 3688 799 3770 χαίρειν.
841 3683 881 3748 In
901 3683 1041 3772 epistula
1059 3685 1123 3748 ists
1137 3681 1231 3748 aliter
1245 3705 1342 3770 quarn
1357 3683 1445 3770 apud
1458 3683 1705 3748 Lachmannum
1721 3680 1774 3768 (N.
1791 3683 1828 3746 T.
1845 3683 1895 3748 ed.

256 3813 331 3899 maj.
345 3812 371 3877 Ι.
392 3834 423 3898 p.
441 3810 502 3876 712
518 3809 580 3899 sq.)
601 3821 634 3876 et
651 3811 826 3898 plerosque
844 3810 926 3876 haec
943 3810 1109 3897 leguntur:
1137 3811 1165 3876 ἐν
1183 3805 1207 3875 ὦ
1226 3810 1342 3884 ἕκαστος
1362 3811 1454 3876 αὐτόν
1472 3813 1538 3894 περί
1553 3838 1634 3876 τινων
1648 3812 1724 3883 ίδιως
1738 3811 1897 3895 ἀνέγραψεν

255 3961 316 4027 pro
332 3940 360 4004 ἐν
374 3933 398 4020 ό
413 3936 474 4022 περὶ
488 3940 570 4004 τίνων
584 3940 677 4005 ἕκαστ.
693 3939 752 4004 αίτ.
768 3940 801 4004 ἰδ.
817 3939 860 4003 ἀν.
891 3936 1073 4004 Confirmet
1084 3945 1231 4003 nostram
1244 3935 1426 4020 lectionem,
1443 3959 1526 4023 quae
1541 3936 1655 4002 eadem
1669 3937 1703 4000 in
1717 3938 1896 4002 Parisiensi

258 4064 344 4148 (ουκ.
358 4062 408 4151 Μ)
429 4073 491 4148 est,
513 4065 734 4152 Hieronymus
754 4066 932 4153 interpres:
955 4066 990 4130 ν’νι
1008 4065 1120 4151 quibus
1140 4060 1199 4150 (itu
1218 4064 1315 4129 etiam
1333 4064 1408 4128 Per.
1429 4065 1457 4130 ἐν
1477 4064 1519 4139 οίς
1537 4086 1597 4151 pro
1617 4064 1646 4129 ἐν
1664 4059 1701 4149 ᾧ)
1721 4064 1841 4152 οιίιρυίί
1858 4063 1897 4130 de

257 4191 442 4279 quibusdam
451 4192 580 4279 proprie
595 4191 747 4256 doment.
768 4199 826 4258 τῶν
838 4195 962 4278 βιβλίων,
977 4194 1055 4257 item
1069 4192 1155 4275 Par,
1170 4213 1231 4279 pro
1245 4196 1295 4258 τοῦ
1308 4193 1419 4278 βιβλίον.
1446 4189 1555 4256 Etiam
1569 4190 1789 4278 Hieronymus
1806 4191 1895 4256 ίιόνο

255 4343 332 4384 rum.
375 4317 469 4385 Illam
487 4339 566 4383 vero
584 4319 776 4405 „perminii
795 4317 1056 4384 distinotionem“
1077 4313 1203 4404 (nostor
1221 4318 1362 4402 πρόκειται
1380 4316 1427 4384 διά
1445 4314 1643 4404 κινναβάρεως)
1659 4318 1733 4382 Per.
1749 4318 1895 4402 mutavit,

256 4446 354 4512 hebet
375 4447 460 4511 enim
482 4445 598 4529 όποσημ.
622 4445 669 4511 διὰ
688 4446 807 4530 μελανος
827 4447 951 4532 έγκειτω,
973 4447 1051 4511 item
1072 4444 1157 4509 infra
1175 4444 1191 4528 ῆ
1210 4445 1257 4510 διὰ
1276 4450 1325 4510 τοῦ
1342 4447 1460 4528 μελανος
1476 4444 1632 4530 ἐπιβάλλει.
1674 4444 1719 4508 Et
1737 4454 1849 4508 noster
1864 4453 1896 4509 et

255 4574 329 4638 Par.
353 4572 401 4638 uui
422 4570 511 4646 οόιως
530 4573 606 4658 μέχρι
628 4571 751 4659 absque
775 4576 907 4657 καθεξῆς,
930 4573 1075 4657 ἐπιστῆσαι
1096 4593 1156 4658 pro
1179 4572 1334 4656 ἐπιστῆναι,
1356 4570 1454 4639 ὁπόσα
1475 4598 1505 4636 τε
1523 4569 1571 4637 καὶ
1589 4572 1660 4645 τίνες
1680 4569 1741 4654 περὶ
1759 4567 1792 4637 οὗ
1810 4574 1897 4655 ζητεῖς

255 4700 393 4784 είρῆκασιν
411 4721 470 4787 pro
490 4698 536 4765 ὑπ.
557 4697 605 4764 καὶ
623 4703 673 4766 τίν.
693 4701 731 4766 τᾶ
744 4701 928 4785 παραπλῆσια
942 4702 1000 4784 είρ,
1015 4698 1154 4785 denique
1167 4699 1299 4782 λέγοντας
1313 4697 1413 4772 αὑτοὺς
1427 4697 1552 4783 εὑρῆσεις.
1575 4697 1680 4782 ἔρρωσο
1695 4698 1723 4762 έν
1737 4700 1820 4781 κυρίῳ
1834 4719 1894 4785 pro

253 4830 306 4912 λε’γ.
325 4825 380 4911 εόρ.
400 4825 530 4891 omissis
550 4824 693 4912 reliquis.
735 4826 913 4893 Praeterea
930 4827 964 4890 in
984 4833 1096 4891 nostro
1117 4825 1266 4908 ἐπιστήσας
1284 4852 1314 4891 τε
1332 4827 1384 4890 καί
1401 4833 1434 4889 et
1452 4825 1552 4908 ἕπιζητ.
1573 4825 1607 4889 δι’
1619 4846 1680 4911 pro
1700 4825 1743 4889 ι’π.
1758 4823 1788 4889 δὲ
1801 4827 1853 4891 καί
1863 4834 1896 4889 et

255 4955 321 5032 ἐπιζ.
345 4980 383 5019 τε.
425 4952 465 5017 In
477 4951 553 5017 Par.
575 4974 653 5018 vero
676 4954 768 5018 initio
792 4952 949 5040 epistulae
972 4951 1129 5037 είσηγωχός
1150 4950 1193 5015 ad
1207 4951 1406 5016 Boeotorum
1425 4960 1461 5017 ut
1475 4950 1604 5016 videtur
1618 4950 1750 5016 modum
1765 4973 1825 5039 pro
1845 4954 1896 5019 εἰσ·

256 5078 382 5165 αγηοχοός
394 5076 522 5166 legitur.

359 5203 432 5271 Fol.
450 5206 499 5271 15.
521 5207 666 5292 sequitur
684 5208 852 5293 πρόγραμμα
872 5210 910 5282 είς
928 5208 960 5273 τό
979 5203 1057 5292 ᾶγιον
1075 5205 1236 5292 εὑαγγίλιον.
1284 5205 1331 5272 Τά
1349 5211 1398 5290 τῆς
1415 5208 1481 5280 νεας
1494 5204 1644 5272 πάνσεπτα
1657 5211 1748 5272 ταῦτα
1761 5207 1853 5292 βιβλιά
1867 5206 1896 5270 έν

1578 5347 1593 5391 ι
