4756 6194
1831 400 1873 464 95

237 607 271 670 a!
305 602 318 625 U
393 604 402 627 Ι
476 605 484 626 )
551 607 559 629 Ι
697 602 732 626 ,i
760 603 767 625 ἱ
827 606 834 624 Ι
935 601 942 623 ἱ
977 604 983 624 δ
1035 599 1048 622 0
1093 601 1139 625 ‘u
1275 601 1282 619 ἶ
1307 612 1320 625 ἰ
1542 603 1554 625 Ι
1689 601 1697 624 δ
1736 602 1744 624 Ι

254 602 285 691 ι)
302 632 345 672 οτι
358 631 454 670 πανια
469 630 624 688 ικειιινιμο
637 643 670 654 ··
690 629 725 687 ιφ
752 628 896 687 εσπιρας
914 610 943 668 δε
957 629 1011 687 eux.
1032 630 1075 668 οτι
1088 630 1149 685 ημιν
1169 598 1255 687 (Cot
1269 631 1344 685 ομιν,
1364 600 1424 666 Ue.
1441 599 1518 687 om.)
1538 608 1657 668 εδωκεν
1680 628 1872 670 αναπανσιν

235 728 324 817 (Coa
340 730 414 796 add.
430 727 501 816 τῶν)
521 735 715 814 καθημερινῶν
733 770 766 781 ·-
785 735 842 814 τῆς
860 732 1035 812 παρουσίας
1052 769 1085 779 -·
1127 728 1157 792 2.
1179 731 1218 794 Εἰ
1232 727 1269 815 μὴ
1287 769 1320 780 ·-
1339 732 1506 813 προσιέναι
1520 770 1553 780 --
1572 732 1719 813 φευκτέος
1733 771 1766 782 -·
1785 728 1873 804 οὕτως

234 858 290 924 καί
304 861 330 924 οἱ
343 859 447 943 ἐναγεῖς
460 860 618 942 μιαίνουσιν.
655 858 685 922 3.
705 858 743 922 Εἰ
755 855 788 921 δὲ
797 857 864 941 μήτε
878 857 906 922 ἕν
920 854 986 937 οίκῳ
1001 853 1070 940 ἅμα
1083 856 1149 941 μήτε
1164 857 1193 922 ἕν
1208 857 1278 922 aad„
1294 853 1381 942 (Cot
1392 855 1466 921 add.
1475 861 1731 942 σνναθροισδῖμαι)
1746 859 1872 931 δυνατόν,

233 986 351 1060 ἕκαστος
371 980 459 1070 (Cot.
476 983 550 1050 add.
565 982 648 1069 παρ’)
668 985 759 1066 ἑανιῴ
777 986 909 1067 ualido
927 1025 961 1035 ··
980 984 1029 1049 ἐὰν
1047 978 1099 1051 ὦσι
1119 978 1180 1068 (ita
1193 992 1282 1048 recte
1297 985 1394 1049 etiam
1409 982 1468 1049 Ue.
1485 993 1598 1049 contra
1614 981 1687 1049 Cot.
1702 981 1771 1070 εἰσί)
1789 982 1873 1067 φησίν

233 1112 250 1178 ὁ
264 1113 355 1195 κύριος
369 1109 460 1196 (item
475 1112 546 1194 Ue,
563 1109 635 1176 Cot.
652 1109 729 1198 om.)
745 1151 778 1162 -·
819 1111 849 1174 4.
872 1113 980 1176 --καί
998 1112 1047 1176 σίν.
1062 1113 1262 1196 προσευχέσθω
1282 1108 1337 1196 (ab
1357 1110 1419 1175 hoc
1438 1137 1565 1197 προσισχ.
1585 1109 1693 1176 scriba
1711 1109 1874 1176 transiluit

235 1237 278 1304 ad
297 1237 447 1323 alterurn)
467 1279 476 1289 -
491 1280 500 1291 -
543 1240 573 1302 5.
595 1279 628 1289 ·-
648 1238 754 1312 δοίδοις
773 1235 833 1322 (ita
850 1246 938 1302 recte
953 1237 1027 1321 Ue,
1049 1235 1120 1303 Cot.
1136 1236 1241 1325 δοῦλοι)
1261 1279 1294 1289 ·-
1314 1239 1593 1323 ἀποβαλίσθωσαν.
1629 1237 1704 1304 Jam
1727 1238 1873 1324 sequitur

234 1376 332 1454 caput
339 1366 445 1431 XLII.
453 1364 540 1431 nullo
556 1365 649 1430 titulo
665 1375 722 1430 aut
735 1375 814 1430 nota
826 1365 1027 1453 interposita.
1054 1365 1251 1431 Ἐπιιελιισθοι
1267 1362 1354 1450 (Cot.
1366 1364 1490 1450 addat)
1506 1368 1586 1449 τρίτα
1600 1407 1609 1417 -
1623 1405 1633 1416 ·
1648 1367 1774 1449 inputa
1784 1363 1871 1443 (Cot.

233 1493 307 1558 add.
317 1492 365 1561 aui
379 1490 564 1580 ἀναγνώσεσι)
579 1491 627 1560 καί
641 1504 807 1578 προσευχαῖς
820 1532 830 1544 -
844 1532 854 1544 -
868 1490 916 1558 καί
929 1492 1117 1577 πριακοσιοὶ
1130 1532 1140 1544 ·
1154 1533 1164 1543 ·
1177 1492 1224 1559 in.
1238 1497 1334 1577 μνείας
1349 1494 1458 1558 αὐτῶν
1472 1493 1597 1559 διδόσθω
1612 1495 1641 1556 εἰι
1654 1520 1679 1560 π.
1693 1492 1739 1559 ὑπ.
1756 1492 1872 1566 αιἰνοῖς

231 1623 270 1696 ιίς
284 1622 328 1687 ἀν.
343 1622 462 1688 adroic.

338 1747 461 1813 XLIII.
468 1746 623 1813 XLIV.I.
644 1748 691 1813 Ἐν
702 1745 732 1812 δὲ
742 1758 806 1822 ταῖς
818 1746 962 1831 μνήμαις
974 1788 1000 1799 --
1011 1747 1187 1834 πρεσβύτεροι
1202 1746 1559 1832 γὰρ·-λίγειγίιρ--οίνον
1568 1743 1656 1832 (Cot.
1666 1744 1792 1833 adddi)
1800 1747 1837 1832 μὴ
1846 1789 1871 1799 --

233 1875 266 1940 oi
285 1872 374 1959 (Cot.
390 1873 464 1940 add.
478 1875 528 1960 μὴ)
548 1876 682 1940 δύνωνται
700 1915 709 1925 -
724 1915 733 1926 ·
751 1874 822 1958 μετὰ
841 1873 898 1941 τὸν
916 1875 987 1941 θεὸν
1005 1915 1038 1925 ·-
1056 1875 1106 1959 οὐχ
1124 1873 1170 1941 ἵνα
1187 1875 1224 1960 μὴ
1242 1878 1374 1940 πίωσιν·
1396 1870 1468 1948 ὅλοις
1481 1875 1535 1959 γὰρ
1550 1875 1599 1941 oia
1614 1871 1674 1960 (ita
1688 1875 1785 1939 ctiam
1801 1872 1871 1957 Ue,

235 2000 307 2066 Cot
323 1999 389 2088 καί)
405 2043 414 2053 -
428 2042 438 2054 -
452 2002 489 2088 μὴ
502 2006 610 2068 πίνειν
623 2003 698 2068 οἶνον
712 2004 750 2075 είς
764 2043 773 2053 -
787 2043 796 2052 -
811 2008 869 2069 τοῦ
882 2002 1014 2086 psoium
1057 2002 1087 2065 2.
1110 2001 1190 2068 --vt
1205 2000 1294 2085 ὄνομα
1313 2003 1404 2084 ιινρίοιι
1423 2007 1480 2068 τοῦ
1497 2007 1582 2068 θεοῦ
1600 2001 1677 2086 ἡμων
1689 2002 1753 2086 Ἰησ.
1767 2011 1824 2086 Χρ.
1839 2042 1872 2053 -·

232 2127 319 2212 subque
329 2132 390 2197 Τίνι
403 2169 433 2180 ··
448 2131 480 2196 οὐ
493 2135 550 2195 τῶν
563 2132 684 2213 χρονιζ.
700 2130 729 2194 ἐν
743 2127 808 2210 οἴνῳ
822 2127 1168 2195 καὶκατασιιοποιίνιων
1179 2155 1209 2193 π.
1218 2155 1247 2193 π.
1257 2132 1305 2213 yla.
1332 2128 1434 2193 XLV.
1450 2170 1476 2180 ··
1487 2129 1751 2212 apocabatur-iffi
1764 2130 1873 2204 ἑαυτοῖς

230 2296 264 2308 --
307 2255 443 2340 XLVI„
460 2258 488 2319 1.
514 2261 623 2323 Τοῐννο
638 2254 668 2321 δὲ
682 2262 757 2340 κοινῇ
770 2262 854 2323 πᾶσι
867 2299 877 2308 ·
891 2297 901 2307 -
915 2262 949 2339 νῇ
965 2256 1041 2336 αι’πῷ
1055 2257 1171 2337 δοθείσῃ
1185 2256 1262 2333 τάξει
1275 2296 1285 2306 -
1299 2295 1309 2306 ·
1323 2255 1339 2321 ὁ
1354 2253 1871 2340 unumquemqueiuste,

231 2384 296 2468 ι’μοῦ
309 2424 318 2435 ·
332 2423 342 2435 -
357 2382 412 2449 καί
427 2383 443 2451 ὁ
458 2380 503 2466 ι’μὲ
517 2383 632 2449 ἀθετῶν
647 2394 707 2447 etc.

1021 2603 1078 2668 IV.

335 2764 434 2851 Apud
454 2764 642 2830 Fabricium
661 2763 929 2851 Harlcssiumque
945 2764 1168 2831 Bibliothecae
1187 2763 1334 2830 Graecae
1357 2774 1444 2830 tomo
1465 2764 1541 2829 XII.
1561 2763 1679 2850 legitur
1701 2764 1871 2848 „Leonis

230 2891 367 2958 Allatii
382 2891 522 2958 diatriba
542 2891 586 2956 de
603 2889 798 2978 Georgiis,
818 2891 984 2957 hincinde
999 2901 1175 2974 contracta,
1191 2914 1265 2956 cum
1279 2893 1365 2956 notis
1380 2891 1524 2957 Fabricii
1540 2902 1572 2956 et
1587 2889 1627 2956 G.
1646 2889 1683 2956 C.
1699 2891 1872 2957 Harless.“

230 3020 281 3086 Ibi
296 3042 371 3108 pag.
386 3019 437 3084 30.
453 3018 494 3085 de
515 3017 683 3103 Georgio
703 3019 888 3084 monacho
907 3021 1037 3085 nomine
1056 3017 1272 3084 Hamartoli
1293 3016 1381 3085 claro
1396 3017 1477 3085 haec
1494 3019 1616 3106 scripta
1630 3029 1719 3084 sunt:
1742 3017 1871 3103 „Chro-

229 3149 327 3213 nicon
342 3147 458 3233 etipse
474 3147 606 3232 scripsit
620 3144 661 3211 ab
677 3145 812 3210 exordio
828 3148 939 3212 mundi
954 3147 996 3212 ad
1003 3145 1195 3212 Michaclem
1204 3144 1377 3234 Theophili
1390 3145 1492 3213 lilium
1508 3144 1659 3233 (imperio
1674 3147 1816 3234 praefuit
1830 3144 1872 3212 ab

230 3298 258 3339 a.
277 3273 314 3340 O.
330 3274 402 3339 841.
418 3273 460 3339 ad
475 3270 573 3359 861),
589 3273 718 3360 quando
734 3275 805 3360 ipse
819 3275 920 3339 vitam
934 3274 1066 3361 agebat,
1082 3296 1123 3338 ex
1137 3275 1237 3339 variis
1253 3284 1286 3338 et
1300 3274 1440 3341 diversis
1455 3272 1712 3360 chronographis
1728 3283 1761 3339 et
1774 3275 1871 3338 inter·

230 3400 375 3488 pratibus
401 3402 503 3465 sacris
526 3410 729 3485 contextum
751 3401 887 3467 historia
908 3401 1037 3488 quidem
1057 3423 1123 3466 non
1145 3400 1320 3466 admodum
1344 3400 1545 3487 opulentum,
1569 3400 1625 3466 sed
1649 3400 1691 3465 ad
1713 3400 1872 3465 firmanda

229 3528 306 3594 fidei
327 3530 434 3615 capita
456 3528 739 3594 dissertationibus
761 3537 793 3594 et
812 3539 996 3593 sanctorum
1015 3539 1144 3616 patrum
1163 3528 1409 3593 auctoritatibus
1425 3526 1672 3612 longiusculum.
1710 3525 1871 3613 Pleraque

231 3666 306 3721 sunt
320 3657 355 3720 in
369 3677 407 3720 eo
424 3676 506 3741 quac
520 3657 555 3721 in
571 3653 736 3738 Cedreno,
752 3654 965 3742 Theophane,
988 3654 1091 3743 Glyca
1110 3653 1246 3741 aliisque
1266 3656 1382 3720 iisdem
1402 3676 1485 3740 pene
1504 3652 1613 3718 verbis
1633 3676 1672 3718 ac
1692 3655 1870 3736 sententiis,

229 3783 435 3870 paucissimis
450 3791 559 3847 tamen
574 3783 719 3870 exceptis
736 3782 914 3870 descripta:
931 3805 972 3848 ex
983 3783 1045 3847 hoc
1057 3792 1163 3848 autem
1175 3783 1248 3848 illos
1260 3781 1360 3848 veluti
1371 3805 1388 3846 e
1400 3783 1490 3847 fonte
1503 3803 1572 3864 suo,
1587 3803 1659 3845 cum
1670 3781 1869 3866 posteriores

230 3912 309 3992 sint,
330 3908 480 3974 hausisse
495 3932 590 3974 nemo
606 3910 759 3996 ambiget.
796 3909 976 3975 Historiam
990 3909 1032 3974 ad
1047 3908 1182 3975 aliorum
1199 3912 1394 3997 scriptorum
1409 3908 1481 3974 loca
1496 3908 1637 3974 obscura
1651 3918 1683 3974 et
1698 3907 1801 3974 ardua
1815 3930 1870 3972 ex·

229 4035 391 4124 plananda
405 4037 551 4122 apprime
566 4038 786 4102 necessariam
800 4058 860 4101 nos
876 4059 893 4100 e
911 4035 1038 4102 Graeca
1051 4035 1163 4122 lingua
1176 4037 1285 4102 multis
1305 4035 1424 4102 abhinc
1443 4038 1535 4101 annis
1558 4037 1713 4102 vertimus
1729 4038 1763 4100 in
1781 4036 1870 4101 Lati·

229 4186 313 4228 nam.
359 4161 452 4243 Quae
468 4164 589 4227 utinam
605 4162 779 4249 aliquando
794 4162 881 4228 bono
896 4162 1094 4250 reipublicae
1108 4163 1284 4230 litterariae
1306 4164 1411 4229 lucem
1431 4163 1576 4228 videat!“
1596 4160 1696 4248 (Nota
1710 4163 1869 4228 editorum

228 4291 270 4355 ad
290 4291 371 4356 haec
392 4291 439 4355 sic
454 4290 567 4355 habet:
587 4290 677 4373 „Noc
693 4290 782 4372 dum,
803 4289 891 4376 quod
905 4288 1094 4375 dolendum,
1114 4290 1219 4357 lucem
1233 4291 1329 4366 vidit,
1348 4313 1453 4376 neque
1467 4288 1588 4355 Allatio
1603 4312 1708 4376 neque
1723 4289 1787 4355 alio
1803 4289 1869 4356 edi·

227 4428 307 4500 tore,
323 4416 398 4482 licet
412 4441 510 4482 manu
525 4427 657 4482 exarata
671 4419 706 4482 in
719 4418 819 4482 variis
833 4415 1038 4482 bibliothecis
1053 4428 1089 4482 ut
1105 4417 1278 4501 Caesarea,
1293 4418 1380 4504 apud
1394 4415 1548 4482 Lumbee.
1564 4415 1655 4482 VIII.
1670 4439 1702 4505 p.
1717 4415 1825 4503 4620

332 4545 425 4610 Haec
448 4567 511 4631 quo
529 4546 606 4632 jure
626 4544 714 4610 dicta
733 4554 765 4610 et
784 4544 938 4609 adnotata
956 4545 1034 4629 sint,
1057 4546 1228 4633 apparebit
1247 4568 1288 4610 ex
1306 4544 1430 4632 aliquot
1448 4547 1517 4609 eius
1537 4543 1680 4608 chronici
1700 4544 1869 4631 exemplis,

227 4671 406 4758 desumptis
423 4695 465 4737 ex
480 4671 593 4736 codice
603 4669 703 4737 Coisl.
712 4671 783 4736 305.
798 4671 919 4737 saeculi
933 4673 1001 4737 lere
1014 4673 1131 4737 decimi
1144 4671 1229 4760 (ipse
1241 4672 1385 4738 chronici
1397 4680 1511 4736 auctor
1521 4671 1603 4736 vixit
1612 4692 1698 4735 nono
1710 4668 1867 4756 saeculo),

227 4797 344 4864 collato
363 4801 486 4887 passim
507 4798 577 4864 cod.
593 4798 673 4883 Reg.
690 4799 758 4863 sive
777 4799 896 4886 Imper.
915 4799 1006 4864 1700.
1025 4799 1147 4886 aliquot
1170 4798 1308 4865 saeculis
1328 4799 1517 4863 recentiore.
1561 4797 1672 4862 Primo
1691 4796 1764 4862 loco
1784 4820 1867 4884 quae

226 4923 386 5008 dabimus,
396 4948 434 4991 co
443 4926 588 5013 gratiora
597 4925 758 5012 theologis
767 4926 837 4991 fore
847 4948 922 5013 spes
933 4937 983 4991 cst
994 4948 1092 5012 quum
1104 4927 1278 4991 maximam
1289 4935 1414 5012 partem
1426 4946 1472 4988 ex
1485 4923 1735 4990 Clementinis
1750 4925 1868 4991 hausta

226 5075 300 5118 esse
316 5062 481 5141 appareat
499 5051 707 5118 Conferenda
722 5062 829 5117 autem
846 5062 921 5117 sunt
935 5076 1008 5118 cum
1023 5054 1063 5117 iis
1079 5075 1161 5138 quae
1176 5050 1344 5117 Oedrcnus
1360 5060 1471 5137 utpote
1486 5075 1506 5115 a
1521 5049 1665 5136 Georgio
1676 5051 1866 5118 Hamartolo

225 5190 370 5246 mutuata
385 5179 484 5245 habet
499 5179 650 5245 editionis
666 5180 834 5244 Parisinae
849 5201 924 5265 pag.
942 5176 1043 5266 (205.)
1059 5180 1122 5245 206
1137 5202 1206 5266 sqq.
1224 5177 1314 5263 (odit.
1329 5178 1433 5244 Bonn.
1449 5200 1523 5266 pag.
1539 5177 1603 5242 360
1616 5175 1701 5266 sqq.)
