4756 6194
335 609 383 678 καί
403 615 624 696 καταπροδῦμεν
645 622 704 685 τοῖς
726 610 872 695 κεκλοφόσι
897 617 990 685 κακῶς
1008 610 1046 676 τὰ
1064 610 1123 695 ἡμί-

336 766 413 825 τερα,
442 736 491 805 καί
519 738 566 805 διά
593 737 658 812 τοῦς
682 737 909 823 ῦποκρινομεῦους
930 739 959 803 ἐν
980 738 1070 823 λόγοις
1090 737 1124 803 τὸ

336 865 443 953 εῦσεβλς
453 871 511 933 τοῦν
521 865 737 952 όντωςεόσεβιῦν
747 864 824 950 ἡμεῖς
831 865 997 949 ἁποστιῦμεν
1006 873 1124 950 φωνῶν,·

338 994 431 1080 ἁπαγε
454 999 504 1078 τῆς
522 995 666 1079 αἰσχίστης
683 994 874 1079 κακοβουλιδις.
891 993 949 1057 ἁλλ’
967 993 1057 1078 ἐπειδή
1072 1019 1124 1059 πα·

338 1122 475 1206 ροῦιλητον
490 1122 586 1206 ἔχομεν
598 1120 670 1206 πρός
682 1119 732 1188 τόν
745 1123 864 1204 πατίρα,
881 1120 986 1204 Ἰησοῦν
1000 1120 1126 1205 Χριστὸν

340 1251 454 1324 δίκαιον,
474 1245 521 1313 καί
537 1248 621 1323 αἰετός
634 1248 751 1332 ἱλασμός
765 1249 823 1315 ἔστι
836 1247 897 1332 περί
912 1255 968 1314 τῶν
984 1248 1127 1332 ἁμαρτιῶν

338 1375 424 1461 ήμιῦν,
445 1376 502 1460 μετ’
520 1376 630 1450 ἐλπίδος
644 1377 869 1461 ε’πικαλεσόμιθα
883 1376 914 1442 τὸ
929 1376 1018 1459 ὄνομα
1032 1376 1126 1450 αῦτοῦ,

337 1501 385 1569 καί
406 1507 547 1588 σωτηρίοις
573 1505 602 1568 ίκ
624 1510 672 1588 τῆς
697 1505 825 1588 τοιαότης
852 1503 1017 1588 ἐπικλήσεως
1037 1503 1126 1580 τευξό

336 1640 424 1715 μεθα,
446 1632 521 1697 κατά
542 1630 575 1697 τὸ
598 1633 735 1715 εἰρημίνον
755 1631 810 1697 ῦπὸ
831 1637 881 1697 τοῦ
902 1631 1045 1716 προφήτων
1063 1628 1126 1695 Καὶ

338 1758 417 1825 ἔσται
441 1765 501 1833 πᾶς
526 1758 558 1834 ὃς
585 1757 621 1824 ἁν
648 1760 842 1842 ἐπικαλέσηται
864 1758 897 1825 τό
922 1757 1011 1842 όνομα
1034 1761 1126 1842 κυρίου

338 1887 508 1970 σωθήσεται.
530 1885 578 1952 καί
601 1888 744 1970 ἐπειδήπερ
767 1886 816 1953 οῦκ
835 1888 907 1952 ’ἔστιν
925 1885 1014 1969 ὄνομα
1034 1885 1125 1968 ἕτερον

337 2013 370 2081 τό
384 2015 527 2097 δεδομένον
541 2015 570 2079 ε’ν
585 2014 749 2099 ἀνθρώποις
763 2014 792 2080 ἐν
806 2008 829 2094 ᾧ
846 2020 890 2078 δεῖ
900 2018 1031 2097 σωθῆναι
1042 2012 1124 2097 ἡμᾶς,

337 2138 385 2206 καί
409 2138 497 2214 οῦδείς
518 2142 634 2208 δῦναται
655 2144 740 2208 εἰπεῖν
763 2141 853 2224 κόριον
874 2141 978 2223 Ἰησοῦν
999 2141 1124 2223 Χριστὸν

337 2269 364 2333 εί
383 2267 420 2352 μή
439 2269 468 2332 ἕν
487 2268 621 2351 πνεόματι
639 2268 718 2353 ἁγίῳ,
741 2267 789 2334 καί
808 2269 836 2333 ίν
854 2274 894 2350 τῷ
909 2268 1023 2351 ὀνόματι
1034 2267 1125 2350 Ἰησοῦ

338 2399 464 2479 Χριστοῦ
478 2399 537 2460 πᾶν
551 2396 615 2479 γόνυ
628 2396 735 2480 κάμψει
749 2397 920 2480 ἐπουρανίων
938 2394 985 2460 καί
1000 2396 1124 2479 ἐπιγείων

338 2519 385 2587 καί
413 2525 621 2606 καταχθονίων,
649 2524 786 2607 μακάριος
810 2522 827 2591 ό
849 2525 895 2589 διὰ
917 2528 966 2607 τής
988 2525 1124 2605 διηνεκοῦς

336 2650 447 2732 μελέτης
467 2653 517 2715 τοῦ
538 2651 726 2734 πολιομνήτου
746 2653 844 2718 τοῦτον
866 2651 1002 2733 όνόμιιτος
1020 2650 1123 2715 ἔνοικοι·

338 2774 407 2860 ἔχων
421 2777 450 2840 ἐν
464 2777 555 2858 ἑαυτῷ
569 2777 619 2843 τόν
633 2778 710 2844 θεόν.
726 2781 764 2853 εἰς
778 2780 869 2844 αἰωνα
880 2779 933 2863 γάρ
945 2803 1028 2862 φησιν
1040 2778 1123 2862 άγαλ-

336 2902 491 2977 λιάσονται,
505 2901 552 2969 καί
566 2907 789 2988 κατασκηνώσεις
804 2907 832 2970 ἕν
847 2906 950 2980 αὐτοῖς,
964 2901 1013 2971 καὶ
1026 2903 1124 2989 καυχή-

338 3055 436 3095 σονται
455 3031 484 3095 ίν
501 3029 546 3097 σοί
564 3033 591 3098 οἱ
609 3032 774 3117 ἀγαπῶντες
790 3033 823 3100 τό
838 3032 926 3116 όνομὰ
941 3060 1000 3099 σου.
1022 3032 1121 3105 πῶςδ

337 3156 386 3222 οῦκ
405 3155 442 3222 ἁν
462 3158 565 3242 γίνοιτο
583 3157 739 3244 πνεῦματος
754 3160 833 3245 ἁγίου
848 3161 950 3243 πλήρης
965 3159 981 3227 ό
995 3159 1028 3227 τό
1043 3170 1123 3225 θεῖον

336 3282 485 3350 τοῦτοκαὶ
504 3284 771 3371 ῦπερδεδοξασμελον
790 3286 886 3370 ὄνομα,
897 3290 1020 3373 κατέχειν
1039 3289 1067 3353 ι’ν
1088 3291 1123 3370 τῇ

336 3413 437 3495 καρδίην
459 3413 584 3478 σπεῦδων
605 3414 707 3498 ήμίρας
728 3413 776 3480 καί
794 3415 898 3490 νυκτός,
916 3420 966 3480 τοῦ
988 3419 1080 3498 κυρίου
1094 3416 1123 3480 ἓν

336 3537 500 3622 εὐαγγελίοις
521 3542 647 3624 λίγοντοςΙ
668 3539 709 3608 ότι
731 3543 812 3608 δώσει
833 3547 941 3626 πνεῦμα
964 3541 1041 3626 ἁγων
1065 3554 1124 3617 τοῖς

310 3688 314 3697 ·
337 3665 461 3732 αἰτοῦσιν
475 3667 560 3734 αῦτόν
574 3667 677 3752 ἡμέρας
691 3667 738 3734 καὶ
753 3671 856 3744 νυκτός,

399 3792 541 3877 Ἁνεφάνη
554 3789 601 3861 οῦν
616 3793 663 3860 καί
678 3797 840 3882 ἁπηλίγχθη
856 3797 885 3861 ε’νι
899 3796 1005 3862 τοίτων
1016 3797 1031 3863 ό
1044 3803 1122 3881 Βαρ

336 3918 415 4004 λαὰμ
428 3922 600 4005 βλασφήμως
613 3920 660 3987 καί
674 3925 834 4002 κακοδόξως
847 3928 941 3989 λαλῶν
954 3927 1021 4008 περί
1031 3930 1122 3990 τετοῦ

337 4046 366 4111 ἕν
386 4053 426 4127 τῴ
452 4051 594 4133 Θαβωρίῳ
621 4053 702 4116 θείου
724 4051 819 4134 φωτός
839 4049 886 4115 κατ’
908 4046 948 4115 ὧν
968 4053 1043 4116 κατὰ
1064 4056 1122 4116 τιῦν

334 4180 464 4258 μοναχοῦν
484 4174 546 4258 περὶ
567 4181 616 4260 τής
635 4180 819 4261 μιλιτωμίνής
840 4178 935 4251 αὐτοῖς
955 4176 1003 4243 καί
1020 4205 1121 4263 προφε-

335 4302 448 4384 ρομίνης
478 4309 585 4388 συχνιῦς
615 4305 690 4387 ἱεροῖς
716 4306 795 4389 εῦχής
819 4305 1012 4390 συνεγριίφετο.
1038 4308 1064 4371 οἱ
1091 4304 1121 4370 δι’

333 4426 450 4513 μοναγοῖ
480 4430 689 4514 ἀπεδείχθησαν
717 4432 849 4515 ἁνιότερω
877 4438 926 4517 της
953 4435 1120 4516 κατηγορίας

335 4553 421 4619 αῦτοῦ
443 4554 483 4629 ὡς
500 4560 658 4642 στεργωτες
677 4557 723 4624 καί
738 4560 972 4643 ι’μμινοιτεςταῖς
986 4557 1119 4643 περὶτοῦ

334 4704 391 4745 των
404 4689 461 4747 τιῦν
476 4682 561 4767 ἁγίων
576 4688 705 4769 πατέρων
724 4686 863 4771 ἐξηγήσεσι
877 4685 924 4752 καὶ
938 4688 1118 4771 παραδόσεσι,

333 4808 436 4881 καθὼς
450 4808 496 4873 καὶ
512 4810 590 4877 αῦτοί
610 4813 745 4896 ἁριδήλως
759 4814 964 4898 διωμολόγησαν
977 4810 1025 4878 καί
1040 4820 1119 4898 διεβε·

330 4935 499 5018 βαιιόσαντο.

393 5061 494 5128 Ἔνθέν
507 5092 550 5129 τοι
564 5064 611 5130 καί.
625 5074 700 5151 κοινή
718 5075 843 5151 συιοδική
860 5069 946 5153 ψήφῳ
961 5065 1011 5133 ἁτε
1025 5073 1119 5142 κακῶς

333 5183 381 5251 καί
399 5187 560 5271 ἐπισφαλοῦς
578 5204 637 5268 τοῖς
655 5198 744 5270 θείοις
757 5196 896 5281 impiam
911 5194 926 5260 ό
942 5194 1026 5268 αι’ντὸς
1039 5200 1118 5277 Βαρ

1940 398 1982 466 53

1190 607 1270 692 λαὰμ
1296 607 1335 682 ὡς
1356 606 1460 692 εἴρηται
1482 609 1731 691 καταψηφισθείς,
1756 607 1915 691 συγγνώμην
1935 603 1981 671 ε’πῖ

1191 736 1298 810 τοίτοις
1319 741 1406 819 δήθεν
1429 735 1564 819 ᾐτήσατο·
1591 733 1639 800 καί
1661 740 1725 819 γοῦν
1748 734 1979 819 ἀποφαινόμεθα,

1191 862 1231 937 ὡς
1252 865 1278 928 εἰ
1299 862 1348 946 μὲν
1370 864 1517 942 ἐνδείξεται
1538 863 1656 945 άληθῶς
1674 861 1824 946 μετάνοιαν
1842 859 1890 927 καὶ
1911 869 1979 946 δωρ

1194 991 1322 1057 θιάσεται
1339 990 1447 1066 ἔαυτόν,
1467 988 1516 1055 καὶ
1534 991 1663 1073 οὐδαμῶς
1677 989 1766 1056 οῦκίτι
1779 986 1842 1074 περὶ
1856 995 1912 1055 τοῦτ
1926 1016 1979 1056 τοι·

1838 1118 1846 1141 Ι
1909 1113 1920 1138 '5
1949 1116 1962 1140 u

1193 1119 1281 1185 ωῦτων
1299 1119 1385 1203 λόγων
1403 1115 1451 1183 καί
1468 1116 1693 1203 συγγραφόμενος
1709 1128 1872 1201 φωραθειη,
1894 1143 1924 1183 ευ
1943 1145 1979 1183 αν

1194 1248 1261 1331 ἔχω·
1276 1247 1304 1313 εί
1316 1245 1340 1312 δ
1356 1240 1417 1321 οῦν,
1438 1245 1628 1330 άποκίγρυκτος
1642 1245 1720 1311 ἔσται
1734 1243 1781 1309 κατ’
1796 1245 1979 1329 ἁποτετμημό

1194 1402 1242 1448 νος
1262 1380 1311 1459 τῆς
1332 1373 1414 1458 ἁγίας
1427 1378 1477 1440 τοῦ
1490 1377 1617 1457 Χριστοῦ
1631 1377 1784 1456 καθολικής
1797 1371 1845 1438 καὶ
1859 1372 1978 1438 άποστο

1193 1507 1267 1585 λικής
1281 1503 1424 1584 ἐκκλησίας
1438 1499 1485 1566 καί
1499 1504 1549 1566 τοῦ
1562 1501 1718 1583 ὀρθοδόξου
1732 1504 1789 1566 τῶν
1800 1504 1979 1584 Χριστιανῶν

1193 1629 1375 1715 συστήματος.
1402 1630 1476 1694 ἀλλά
1502 1626 1549 1693 καί
1574 1626 1603 1693 εί
1623 1656 1664 1702 τις
1690 1628 1781 1712 ἕτερος
1806 1625 1833 1692 τί
1853 1631 1910 1693 τῶν
1930 1626 1975 1692 ὑπ’

1194 1759 1295 1822 ἐκείνου
1309 1756 1480 1842 βλασφήμως
1497 1754 1545 1821 καὶ
1563 1756 1722 1833 κακοδόξως
1736 1755 1812 1820 κατά
1826 1759 1882 1820 τῶν
1895 1782 1978 1838 μονα-

1190 1890 1258 1969 χαῦν,
1277 1890 1382 1968 μᾶλλον
1401 1881 1431 1948 δὲ
1449 1889 1498 1968 της
1512 1885 1656 1965 ἐκκλησίας
1669 1882 1755 1967 οιότής
1767 1883 1947 1966 λαληθέντων
1961 1879 1978 1967 ἣ

1192 2013 1403 2097 συγγραφόντων
1424 2014 1523 2095 φανείη
1541 2012 1625 2076 πάλιν
1642 2016 1699 2076 τῶν
1716 2015 1847 2095 μοναχαῦν
1864 2037 1978 2095 κατηγο

1191 2145 1248 2223 ρῶν
1263 2138 1279 2223 ἢ
1294 2137 1366 2213 ὅλως
1379 2140 1485 2205 τοῦτων
1499 2140 1527 2203 ἐν
1537 2150 1596 2212 τοῖς
1607 2137 1739 2212 τοιοῦτοις
1751 2137 1977 2222 καθαπτόμενος,

1191 2273 1225 2349 τη
1241 2267 1310 2349 αἰτή
1325 2269 1460 2348 καταδίκη
1474 2267 1554 2348 παρὰ
1569 2271 1618 2349 τής
1631 2265 1707 2349 ήμῶν
1719 2265 1895 2350 μετριότητος
1905 2275 1978 2330 καθ-

1191 2394 1425 2480 νποβαλλόμενος,
1445 2391 1635 2479 ἁποκήρυκτος
1653 2394 1730 2459 ’ἔσται
1753 2391 1800 2458 καὶ
1824 2393 1909 2466 αὐτὸς
1930 2390 1977 2458 καί

1191 2522 1411 2606 άποτετμημεῦος
1433 2526 1483 2605 τής
1504 2520 1587 2605 ἁγίας
1609 2527 1658 2586 τοῦ
1676 2526 1802 2603 Χριστοῦ
1824 2525 1978 2603 καθολικής

1189 2647 1238 2715 καὶ
1266 2649 1451 2732 άποστολικῆς
1479 2649 1622 2730 ἐκκλησίας
1649 2646 1696 2713 καί
1725 2653 1774 2714 τοῦ
1801 2648 1892 2732 ὀρθοῦ
1919 2652 1976 2713 τῶν

1190 2783 1369 2861 Χριστιανοῦν
1398 2776 1579 2860 συστήματος.
1611 2776 1668 2859 μετ’
1699 2777 1859 2861 ἐμβριθειας
1885 2777 1977 2859 μέντοι

1189 2902 1237 2970 καί
1259 2909 1441 2988 πνευματικῆς
1463 2904 1614 2987 αῦστηρίας
1639 2901 1686 2969 καὶ
1707 2903 1884 2988 ἐπιτιμήσεως
1903 2904 1976 2988 λε’γο

1188 3059 1238 3116 μεν
1255 3033 1347 3116 μηκέτι
1366 3031 1425 3098 άπὸ
1444 3037 1493 3098 τοῦ
1512 3037 1558 3097 νῦν
1573 3032 1744 3116 δογματίζειν
1757 3027 1829 3104 ἁλως
1842 3031 1905 3097 τινὰ
1918 3035 1975 3097 τιῦν

1191 3158 1334 3234 ἁπάντων,
1353 3165 1481 3225 κινοῦντα
1499 3157 1562 3244 περὶ
1579 3159 1684 3227 τούτων
1704 3157 1795 3225 τεκαὶ
1810 3157 1975 3244 ἁλλονδογ-

1188 3293 1312 3371 ματικιῦν
1330 3287 1431 3371 λόγων,
1454 3285 1516 3353 οότε
1535 3287 1679 3371 ἐγγράφως
1697 3287 1801 3370 δηλαδή
1815 3283 1877 3353 οῦτε
1891 3286 1975 3371 ἀγρά-

1188 3440 1259 3497 φως,
1279 3413 1319 3488 ὡς
1336 3415 1369 3481 οῦ
1386 3419 1489 3498 μικρυῦν
1508 3415 1636 3479 εἰτεῦθεν
1654 3414 1693 3489 είς
1704 3414 1755 3499 τήν
1768 3414 1912 3498 ἔνοιλησίαν
1925 3418 1975 3480 τοῦ

1191 3548 1259 3607 θεοῦ
1279 3541 1495 3607 άνακυπτόιτων
1512 3542 1677 3607 σκανδάλων
1695 3538 1743 3606 καί
1758 3540 1913 3626 συγχόσεως
1926 3539 1974 3606 καί

1189 3673 1314 3752 τιιριιχής
1332 3666 1379 3732 καὶ
1397 3668 1485 3733 σάλου
1498 3666 1545 3733 καὶ
1559 3671 1699 3750 τρικυμιάς
1712 3668 1898 3751 ε’πιγενομεῦης
1911 3680 1975 3743 ταῖς

1188 3806 1295 3879 ψυχαῖς
1324 3801 1380 3860 των
1410 3796 1583 3871 ἁκουόιτωυ,
1613 3793 1660 3859 καί
1688 3799 1744 3859 τεῦν
1773 3795 1974 3877 άκεριωοτερων

1188 3922 1322 4007 μάλιστα·
1342 3923 1374 3987 δι’
1396 3922 1416 3986 ἁ
1434 3922 1466 4005 δή
1481 3923 1595 3996 πάντως
1609 3919 1656 3986 κατ’
1671 3923 1697 3987 οἱ
1711 3921 1841 4005 ἀνωτίρω
1857 3922 1974 3988 ε’κτεθει-

1187 4057 1262 4133 μίνοι
1282 4061 1356 4115 θεῖοι
1370 4050 1484 4124 κανόνες
1498 4060 1558 4123 τοῖς
1573 4049 1722 4133 θεοφόρους
1735 4049 1876 4132 πατράσιν
1890 4050 1972 4127 ε’ξετί

1188 4188 1291 4261 θησαν.
1311 4178 1392 4262 χάριν
1414 4177 1467 4261 γάρ
1488 4182 1537 4243 τοῦ
1554 4179 1647 4260 μηκίτι
1663 4178 1766 4260 μηδίνιι
1785 4187 1848 4250 ταῖς
1866 4176 1974 4260 ὁμοίαις

1187 4304 1307 4379 πλάναις
1332 4315 1486 4388 περιπεσεῖν
1511 4304 1666 4385 ποωῦμενω
1692 4304 1840 4386 πρόνοιαν,
1870 4302 1972 4371 καὶτὸ

1186 4432 1278 4515 παρόν
1291 4433 1329 4505 είς
1335 4431 1646 4515 ἁσφάλειανὲκθεμενοι
1654 4431 1775 4514 γράμμα,
1784 4441 1847 4504 ταῖς
1861 4432 1973 4504 οίκεάιις

1187 4558 1364 4644 όπογραφαῐς
1377 4557 1624 4641 ῦπεσημηνάμεθα,
1636 4558 1712 4624 κατά
1723 4562 1798 4641 μήνα
1805 4555 1973 4642 Αίιγουστον

1186 4690 1235 4769 της
1249 4687 1348 4769 ἐνάτης
1362 4686 1533 4758 ι’νδικτωῦνος.

1249 4814 1314 4897 Εἶχε
1333 4811 1380 4876 καί.
1394 4811 1631 4896 ὑπογεγραμμένον
1650 4812 1695 4877 διά
1710 4816 1759 4896 τής
1772 4816 1972 4896 πατριαρχικῦγς

1185 4941 1274 5025 χειρὸς
1292 4939 1324 5005 τό
1342 4939 1471 5021 Ἰωάννης
1489 4939 1555 5020 ἐλεήν
1574 4944 1645 5005 θεοῦ
1663 4939 1877 5022 ἁρχιεπισκοπος
1890 4945 1971 5003 Κων·

1185 5067 1437 5140 στιιντινουπόλεως
1455 5069 1519 5139 νίας
1534 5066 1641 5149 Ῥώμης
1658 5062 1705 5129 καί
1719 5064 1901 5149 οίκουμενικός
1918 5092 1971 5130 πα-

1185 5195 1321 5278 τριὰρχης.
