4756 6194
514 386 573 450 106

615 596 653 653 B.
672 589 719 655 Ἐν
734 587 764 654 δὲ
776 594 811 671 τῇ
824 589 937 673 δειπιρα
951 591 1092 673 παρουσίᾳ
1106 587 1156 673 τὴν
1170 588 1255 665 δόξαν
1271 589 1397 664 ἐπιδειξει
1409 584 1458 652 καὶ
1471 587 1521 672 τέγν
1535 590 1621 672 κρίσιν
1636 588 1782 654 ἐπιτελεσει
1795 588 1866 670 πρὸς
1880 588 2019 670 σωτηρίαν
2029 588 2153 660 δικαίων,

509 717 579 800 πρὸς
592 717 753 800 κατάκρισιν
767 717 885 801 ἀσεβῶν.
899 715 937 781 τά
951 717 1013 800 ἑξῆς
1028 717 1080 790 ἕως
1093 721 1143 781 τού
1156 717 1258 789 τιλους.

1144 968 1200 1033 ΕΝ
1221 965 1284 1034 ΤΩ
1304 967 1513 1034 ΣΟΦΟΝΙΑ.

614 1119 656 1182 Α.
679 1117 845 1199 Προφητεία
859 1121 908 1182 τού
922 1115 1192 1199 κατασχεθήσεσθαι
1206 1115 1255 1200 τὴν
1270 1115 1426 1199 ἀλλόφυλον
1439 1120 1488 1199 γῆν
1496 1112 1520 1200 ¹)
1537 1113 1590 1181 ύπδ
1605 1119 1662 1179 τῶν
1669 1114 1845 1197 Ἰσραηλιτῶν
1859 1115 1889 1178 ἐι·
1899 1119 1939 1194 τῴ
1951 1115 2153 1197 ἐπιστραφῆναι

508 1242 557 1326 τέγν
579 1245 772 1328 αἰχμαλωσίαν
794 1243 900 1317 αύτῶν,
921 1239 992 1309 ὅπου
1012 1243 1118 1325 λέγεται
1139 1242 1172 1308 τό
1187 1242 1285 1308 Ἔσται
1306 1242 1339 1309 τὸ
1361 1239 1537 1327 σχοίνισμαδ)
1562 1247 1611 1326 τῆς
1632 1241 1784 1325 θαλάσσης
1802 1252 1861 1314 τοῖς
1878 1242 2059 1313 καταλούιοις
2077 1237 2152 1306 οίκου

506 1370 610 1444 Ἰούδα,
629 1369 677 1435 καὶ
695 1371 733 1436 τά
752 1372 827 1453 ἑξῆς,
847 1368 894 1435 καί
907 1370 940 1435 τὸ
956 1371 1055 1454 Μωέιβ
1068 1369 1108 1443 ῶς
1122 1368 1240 1451 Σόδομα
1256 1371 1333 1435 ἔσται
1347 1367 1395 1434 καί
1409 1367 1461 1435 υἱοί
1474 1370 1591 1452 Ἀμμῶν
1605 1369 1645 1443 ῶς
1660 1369 1806 1452 Γόμορρα,
1825 1365 1872 1432 καί
1886 1365 1919 1434 τό
1937 1369 1973 1434 Οί
1986 1368 2152 1432 κατάλοιποι

456 1496 462 1506 ’
508 1503 557 1563 τού
575 1503 646 1563 λαού
662 1526 715 1581 μου
735 1503 907 1581 διαρπῶιται
926 1497 1037 1571 αύτούς,
1061 1494 1109 1562 καί
1128 1498 1154 1562 οἱ
1172 1497 1336 1562 κατάλοιποι
1351 1498 1452 1570 ἔθνους
1464 1525 1517 1580 μου
1531 1498 1776 1580 κληρονομήσουσιν
1791 1496 1904 1571 αύτούς,
1926 1495 1995 1561 διότι
2007 1495 2151 1561 ῶνείδισαι·

507 1621 555 1688 καί
569 1625 797 1708 ἐμεγαλύνδησαν
811 1622 856 1688 ἐπὶ
870 1624 919 1689 τόν
933 1624 1003 1689 λαὸν
1017 1627 1109 1705 κυρίου
1123 1625 1363 1707 παντοκράτορος·
1387 1624 1586 1708 ἐπιφανήσεται
1603 1623 1693 1707 κύριος
1712 1624 1753 1688 ἐπ’
1776 1623 1876 1697 αύτούς
1893 1621 1941 1688 καί
1961 1622 2152 1704 ἐξολοθρεύσει

507 1751 618 1825 πάντας
635 1752 701 1825 τούς
718 1752 804 1825 θεοὺς
821 1757 871 1834 τῆς
889 1756 949 1835 γῆς,
971 1749 1018 1815 καλ
1037 1752 1270 1834 προσκυνήσουσιν
1290 1752 1367 1832 αύτῷ
1387 1752 1504 1825 ἕκαστος
1523 1753 1552 1816 ἐκ
1570 1756 1620 1817 τού
1633 1750 1721 1817 τόπου
1735 1755 1827 1816 πᾶσαι
1842 1752 1872 1816 αἱ
1885 1755 1962 1834 νῆσοι
1975 1755 2032 1816 τῶν
2046 1752 2148 1815 ἐθνῶν.

506 1884 597 1943 ταῦτα
607 1877 636 1943 δέ
646 1873 693 1944 ούν
706 1875 819 1964 (supra
828 1877 948 1943 lineam
964 1876 1110 1942 additum
1124 1883 1180 1960 νῦν,
1197 1877 1256 1941 sed
1271 1876 1306 1940 id
1322 1877 1364 1941 ad
1380 1877 1618 1942 emendandum
1633 1876 1740 1941 locum
1755 1899 1820 1941 non
1837 1880 1916 1941 satis
1932 1874 2075 1962 videtur)
2092 1878 2150 1944 ἀπὸ

506 2010 555 2070 τού
568 2006 713 2089 Ζητησατε
726 2006 776 2071 τόν
790 2006 880 2088 κύριον
894 2006 999 2079 πάντες
1012 2003 1135 2071 ταπεινοί
1149 2010 1211 2088 γῆς,
1227 2005 1279 2079 ἕως
1293 2010 1342 2071 τού
1358 2010 1462 2071 Πάσαι
1477 2008 1507 2070 αἱ
1521 2011 1598 2090 νῆσοι
1612 2012 1668 2072 τῶν
1683 2007 1785 2070 ἐθνῶν.

611 2156 649 2214 B.
672 2153 837 2234 Προηνητεία
856 2151 1029 2232 παγκοσμίου
1046 2152 1222 2233 θεοσεβείας,
1242 2146 1313 2216 όπου
1331 2149 1363 2216 τό
1376 2150 1553 2233 ’Bumodus
1573 2147 1618 2215 ἐπὶ
1637 2150 1723 2223 λαούς
1741 2155 1870 2233 γλῶσσαν
1884 2152 1923 2223 ιίς
1941 2151 2036 2234 γενεάς
2055 2150 2150 2215 αύτῶι·

504 2283 554 2343 τού
573 2278 768 2344 ε’ποιαλεῐσδαι
785 2278 897 2350 πάντας
914 2276 947 2342 τὸ
964 2275 1053 2359 ὄνομα
1071 2279 1164 2359 κυρίου
1182 2281 1232 2343 τού
1251 2276 1384 2342 δουλεύειν
1404 2277 1480 2357 αύτῷ
1498 2275 1553 2344 ύπύ
1575 2277 1653 2362 ζυγόν
1672 2278 1734 2341 ἕνα·
1756 2275 1803 2342 καὶ
1822 2277 1893 2360 μετὰ
1912 2277 2001 2361 βραχύ
2018 2275 2082 2361 περὶ
2099 2282 2150 2344 τού

504 2405 613 2489 Ἰσραήλ
625 2405 671 2470 Ἐν
689 2411 723 2487 τῇ
741 2405 828 2488 ημέρᾳ
846 2405 932 2487 ἐκείνη
952 2405 984 2470 ού
1001 2404 1038 2487 μύγ
1055 2409 1266 2487 καταισχυνδης
1285 2406 1314 2469 ἐκ
1333 2405 1449 2469 πάντων
1462 2410 1520 2469 τῶν
1535 2404 1756 2487 ἐπιτηδευμάτων
1770 2432 1821 2470 σου
1836 2400 1875 2468 ῶν
1889 2405 2027 2489 ἦσεβησας
2041 2405 2080 2478 είς
2095 2405 2148 2487 ἐμέ.

505 2530 552 2598 καὶ
571 2532 719 2616 πρόρρησις
736 2537 785 2597 τού
804 2532 921 2598 ἔσεσθαι
940 2530 1162 2613 ύπολελειμμῶον
1180 2531 1251 2597 λαὸν
1270 2532 1299 2595 ἐν
1311 2529 1488 2615 Ἰερουσαλὴμ
1507 2535 1599 2615 πρᾷον
1614 2530 1661 2596 καί
1675 2531 1818 2607 ταπεινόν,
1838 2530 1886 2597 καί.
1900 2531 2149 2616 εὐλαβηθήσεσθαι

505 2658 564 2725 ἀπό
582 2665 631 2726 τού
649 2659 786 2743 ὀνόματος
803 2662 896 2741 κυρίου
913 2659 978 2731 τούς
992 2661 1179 2732 καταλοίπονς
1193 2662 1242 2722 τοῦ
1255 2658 1377 2741 Ἰσραήλ,
1399 2656 1447 2723 καί
1465 2658 1502 2741 μίγ
1517 2660 1639 2742 ποιήσειν
1654 2660 1764 2724 ἀδικίαν
1778 2656 1826 2723 καὶ
1839 2659 1875 2742 μύγ
1890 2659 2017 2742 λαλιγσειν
2030 2660 2148 2741 μάταια,

504 2784 551 2850 καί
564 2786 600 2869 μὴ
614 2785 821 2870 εὑρεθήσεσθαι
834 2787 863 2850 ἐν
876 2791 916 2866 τῶ
931 2785 1049 2869 στόματι
1063 2785 1156 2851 αὐτῶν
1170 2790 1300 2869 γλῶσσαν
1314 2788 1418 2850 δολίαν.
1434 2783 1506 2868 άπερ
1521 2787 1570 2851 ούκ
1585 2788 1642 2851 ἐστι
1655 2792 1704 2853 τού
1711 2784 1736 2870 ³)
1756 2787 1897 2868 παρόντος
1916 2788 2030 2861 αἰῶνος,
2054 2783 2149 2870 ῶσπερ

504 2910 551 2976 καὶ
563 2913 620 2994 μετ’
637 2912 727 2997 ὀλίγον
742 2913 774 2978 τό
789 2922 883 2995 Χαῖρε
895 2913 1024 2996 θυγάτηρ
1032 2913 1110 2976 Σιών
1124 2912 1243 2995 σφόδρα,
1259 2910 1305 2976 καὶ
1320 2912 1358 2977 τά
1372 2913 1435 2994 ἐξης
1448 2914 1584 2994 μιλλονπα
1598 2915 1666 2978 εἶναι
1682 2915 1710 2978 ἐν
1723 2919 1861 2998 μεταβολῇ
1875 2919 1933 2978 τῶν
1946 2914 2148 2997 Ἰσραηλιτοιῶν

504 3044 598 3105 κακῶν
607 3039 789 3122 Λελύτρωται
798 3039 852 3123 γάρ
862 3066 894 3104 σε
904 3041 994 3122 κύριος
1005 3040 1034 3103 ἐκ
1043 3039 1134 3122 χειρὸς
1144 3040 1274 3123 ἐκχθρῶν
1289 3034 1367 3123 (sie)
1379 3057 1442 3105 σου·
1458 3040 1487 3104 ἐν
1500 3043 1575 3123 μίση)
1589 3066 1640 3105 σου
1653 3042 1807 3125 βασιλεύσει
1821 3041 1919 3123 κύριος,
1935 3041 1983 3106 ούκ
1997 3040 2058 3125 ύψη
2071 3043 2147 3108 κακά

504 3167 599 3232 ούκέτι
623 3166 681 3232 άπὸ
696 3172 746 3232 τού
760 3167 818 3231 Διά
832 3171 914 3231 τούτο
928 3165 1073 3248 ύπόμεινόν
1086 3194 1128 3248 με,
1143 3167 1212 3250 λέγει
1225 3166 1323 3249 κύριος,
1338 3168 1377 3239 είς
1391 3165 1494 3249 ἡμέραν
1509 3167 1694 3240 άναστάσεοός
1706 3195 1759 3250 μου
1774 3169 1899 3241 αι’ωιιάς,
1915 3168 1967 3241 ἕως
1980 3174 2030 3234 τού
2044 3170 2146 3243 τέλους.

1162 3477 1217 3543 ΕΝ
1239 3475 1302 3543 ΤΩ
1320 3474 1485 3543 ΑΓΓΑΙΩ.

607 3628 648 3691 Α.
672 3623 715 3689 Ἡ
730 3625 879 3708 ἐπαγγελία
897 3629 946 3707 τῆς
965 3620 1125 3709 κινήσεωςδ)
1146 3630 1195 3690 τού
1213 3623 1317 3707 κόσμον
1334 3621 1382 3689 καὶ
1401 3629 1450 3707 τῆς
1467 3625 1538 3707 μετά
1557 3629 1649 3692 ταύτα
1668 3627 1707 3698 είς
1724 3624 1900 3710 Ἰερουσαλὴμ
1920 3628 2080 3708 ἀθροίσεως
2098 3634 2148 3693 τού

500 3753 575 3818 κατὰ
593 3751 642 3820 τόν
661 3752 764 3832 κόσμον
778 3750 898 3817 πλούτου
910 3749 957 3815 καὶ
972 3752 1053 3834 δόξης
1066 3756 1116 3817 τού
1131 3757 1200 3817 ναού
1213 3752 1337 3834 μείζονος
1350 3750 1419 3835 ύπέρ
1433 3752 1483 3837 τὴν
1497 3754 1649 3836 προτέραν·
1663 3753 1727 3835 μεθ’
1743 3751 1777 3836 ἣν
1792 3754 1965 3837 ἐπαγγελιλιν,
1981 3754 2147 3837 ἀπλήρωτον

500 3875 587 3946 ούσαν
605 3881 644 3945 ἐτι
662 3876 709 3942 καὶ
726 3883 782 3952 νύν,
802 3875 850 3943 καὶ
868 3879 974 3962 εἰρήνην
991 3889 1050 3952 τοῖς
1063 3881 1182 3955 κτίζουσι
1195 3879 1258 3944 τότε
1273 3879 1322 3945 τὸν
1335 3878 1404 3945 ναὸν
1419 3881 1621 3964 ἐπαγγελλιται.
1646 3881 1769 3946 ἀπὸτοῦ
1779 3879 1838 3945 Ἔτι
1854 3877 1935 3957 ἅπαξ
1950 3881 2002 3964 ἐγώ
2018 3885 2083 3947 σείω
2098 3881 2147 3948 τὸν

499 4006 618 4090 ούρανὸν
631 4003 680 4071 καλ
693 4005 743 4090 τὴν
757 4012 814 4090 γῆν,
829 4005 882 4077 ἕως
895 4010 945 4070 τοῦ
963 4010 1013 4085 Τῶ
1027 4007 1145 4082 κτίζοντι
1159 4011 1208 4072 τού
1224 4006 1384 4090 ἀναστῆσαι
1397 4006 1447 4073 τὸν
1461 4007 1531 4073 ναὸν
1545 4012 1651 4071 τοῦτον.

604 4157 642 4214 Β.
661 4149 705 4214 ‘H
714 4147 892 4232 ἐπανάληψις
909 4153 958 4232 της
977 4150 1063 4234 αύτῐγς
1077 4150 1249 4234 ἐπαγγελίας,
1265 4151 1340 4214 ἔνθα
1354 4147 1401 4215 καί
1417 4155 1546 4234 δηλοῦται
1560 4153 1603 4225 τίς
1616 4180 1633 4234 η
1647 4152 1751 4232 κίνησις
1764 4155 1814 4217 τού
1827 4151 1931 4235 κόσμου
1945 4151 1985 4226 ῶς
1997 4158 2145 4238 βασιλειῶν

497 4278 727 4363 καθαιρουμιύοιν
745 4274 794 4341 καὶ
811 4276 953 4358 δυνάμεως
971 4278 1065 4341 ἐθνῶν
1079 4278 1322 4362 καταβαλλομιύης
1335 4279 1527 4361 πολεμούντων
1540 4278 1612 4362 πρὸς
1628 4277 1743 4361 ἄλληλα.
1757 4280 1864 4362 λέγεται
1878 4277 1908 4343 δέ
1921 4277 1969 4345 καὶ
1983 4281 2146 4366 Ζοροβάβελ

496 4407 560 4475 τότε
573 4404 623 4490 τὴν
636 4407 763 4489 μεγίστην
777 4404 845 4481 ἐξειν
859 4402 941 4485 παρὰ
954 4409 1017 4483 θεῷ
1031 4405 1121 4487 τιμήν,
1143 4403 1183 4476 ῶς
1197 4404 1282 4477 αύτδς
1296 4402 1336 4469 ῶν
1350 4403 1365 4470 ό
1386 4404 1531 4488 εύδύκητος
1550 4410 1620 4484 θεῶ.
1640 4402 1709 4489 ὅπερ
1728 4405 1815 4479 τύπος
1829 4407 1868 4480 εἰς
1881 4406 2020 4491 Χριστόν,
2035 4405 2098 4491 περὶ
2113 4403 2146 4473 ού

496 4538 565 4618 λέγει
577 4533 656 4618 φωνὴ
670 4531 797 4614 ούράνιος
813 4525 904 4603 Ούτός
917 4531 990 4595 ἐστιν
1004 4529 1020 4596 ό
1034 4531 1092 4604 υἱός
1105 4559 1158 4613 μου
1172 4529 1188 4597 ό
1204 4531 1360 4614 ἀγαπητός,
1377 4533 1405 4596 ἐν
1419 4526 1443 4612 ᾦ
1457 4531 1599 4614 εύδόκησα.
1621 4532 1679 4596 ἀπὸ
1699 4537 1748 4598 τού
1758 4532 1818 4598 Ἔτι
1838 4530 1919 4610 ἅπαξ
1938 4534 1990 4617 ἐγῶ
2010 4536 2076 4599 σείοι
2096 4535 2145 4600 τόν

498 4661 615 4745 ούρανὸν
629 4657 677 4724 καὶ
690 4658 740 4742 τὴν
754 4661 815 4742 γῆν,
832 4657 884 4730 ἕως
897 4663 946 4722 τού
961 4658 1061 4731 τιλους.

552 4934 570 4993 ¹)
580 4928 613 4982 In
626 4927 725 4983 αοάἰοε
737 4925 783 4993 τὴν
794 4943 847 4996 pro
859 4930 906 4992 γῆν
919 4926 1057 4997 scriptum
1068 4932 1125 4994 ειυς
1138 4926 1285 4989 ἀλλόφυλον
1408 4931 1428 4994 ⁸)
1442 4930 1491 4980 τοῦ
1507 4926 1673 4997 scripsimus
1688 4944 1740 4999 pro
1753 4932 1832 4982 τοῦτο
1846 4930 1923 5002 quod
1936 4930 1965 4983 in
1979 4931 2079 4984 codice
2093 4936 2144 4983 est.

499 5013 698 5069 emendations
714 5016 773 5079 (τῶν
787 5010 950 5077 ἀλλοφύλων)
969 5030 1028 5067 non
1045 5012 1198 5067 videbatur
1211 5029 1284 5082 opus
1358 5011 1430 5066 Item
1443 5018 1545 5083 postea
1557 5011 1641 5083 ὥσπερ
1653 5031 1705 5084 pro
1719 5011 1790 5067 ἐστι.

494 5096 608 5153 habere.
1408 5101 1429 5163 ⁴)
1442 5096 1475 5150 In
1488 5097 1586 5152 codice
1600 5096 1735 5169 scriptum
1749 5105 1792 5153 est
1803 5100 1951 5167 σιηνηοιος.

551 5186 570 5247 ²)
583 5182 616 5235 In
630 5182 729 5237 sodics
742 5188 786 5236 est
797 5183 940 5252 οχύνηομα,
