4756 6194
1826 387 1865 456 87

224 597 263 663 τά
280 596 433 680 πράγματα
452 597 595 679 φαίνεται·
618 594 660 662 διδ
683 592 730 659 καῖ
752 595 938 678 προαιρέσεως
956 593 1084 679 ἐγενόμην
1105 598 1138 676 τῇ
1157 592 1235 671 τάξει
1254 593 1362 668 παντὸς
1376 593 1531 660 ἐπακοῦσαι
1544 601 1593 660 τοῦ
1606 595 1695 680 λόγου.
1740 596 1769 660 7.
1791 594 1869 664 καλό

227 726 337 809 Πίερος
353 723 460 790 Οῦκαῦν
473 727 523 788 τοῦ
536 727 634 789 λοιποῦ
648 722 796 787 σπεῦδοντί
806 748 850 787 σοι
863 720 901 785 τά
915 721 990 787 κατά
1005 720 1055 806 τήν
1068 720 1201 805 ήμετεραν
1215 723 1307 786 πίστιν
1320 731 1426 804 μαθεῖν
1440 722 1578 805 ὀφειλοιτι
1591 727 1626 805 τῇ
1640 721 1717 800 τάξει
1730 723 1869 810 τὸνλόγον

225 852 389 935 ὀφθήσομαι
404 846 497 936 (sic),
519 850 568 914 ἀπ’
586 850 671 915 αἰτοῦ
686 849 838 934 ἀρχόμενος
851 853 900 915 τοῦ
914 854 997 923 θεοῦ,
1020 847 1068 914 καί
1082 848 1184 923 δεικνὺς
1198 845 1241 914 ότι
1256 847 1341 914 αὐτόν
1355 848 1439 930 μόνω·
1453 856 1497 914 δεῖ
1506 850 1591 934 λέγειν
1604 850 1688 925 θεόν,
1712 854 1820 935 ἑτέρους
1840 854 1870 920 δί

224 979 291 1062 μήτε
304 980 389 1062 λε’γειν
402 976 469 1061 μήτε
484 979 608 1059 νομιζειν,
623 975 670 1041 καί
685 974 728 1043 ότι
741 976 757 1043 ό
772 975 852 1059 παρὰ
868 983 949 1042 τοῦτο
964 981 1051 1041 ποιοῦν
1065 977 1185 1050 αι’ωνίως
1200 976 1252 1059 ἔχει
1266 980 1450 1059 κολασθῆναι,
1465 975 1505 1051 οῦς
1519 979 1558 1052 εἰς
1573 977 1658 1044 αὐτόν
1673 978 1722 1044 τόν
1733 984 1791 1046 νοῦν
1798 979 1870 1048 όλων

227 1105 361 1189 δεσπότην
379 1104 520 1191 ἀσεβήσας
533 1104 571 1171 τά
584 1106 706 1189 με’γιστα.
747 1105 777 1169 8.
799 1102 847 1169 καὶ
861 1109 943 1170 τοῦτο
958 1104 1043 1169 εἰπών
1057 1100 1105 1168 καί
1119 1114 1177 1177 τοῖς
1190 1102 1245 1169 ῦπό
1259 1109 1367 1168 ποθοῦν
1381 1103 1552 1188 όχλουμενοις
1566 1102 1613 1170 καὶ
1627 1111 1738 1173 νοσοῦσι
1752 1106 1800 1174 καῖ
1814 1116 1870 1176 δαν

224 1236 330 1314 μονοῦσι
342 1231 396 1307 τὰς
407 1242 504 1317 χεῖρας
517 1229 625 1305 ἔπιθείς
639 1229 686 1296 καί
700 1231 848 1314 εὐξάμενος
861 1228 908 1295 καί
923 1230 1073 1315 ἰασάμενος
1087 1231 1207 1297 άπελυσε
1225 1232 1289 1305 τοὺς
1308 1230 1418 1315 όχλους·
1441 1229 1489 1296 καί
1507 1232 1561 1296 εἶθ’
1582 1229 1671 1307 οῦτως
1690 1234 1792 1309 εισιοόν,
1814 1245 1871 1302 τοῖν

227 1357 359 1444 συνήθων
377 1356 455 1425 άλυῦν
467 1358 634 1444 μεταλαβών
647 1356 781 1425 ῦπνωσεν.
820 1358 848 1421 9.
872 1357 979 1442 ὄρθρου
993 1355 1023 1422 δί
1038 1358 1116 1436 ε’ξιών
1130 1358 1146 1425 ό
1162 1360 1272 1442 Πίερος
1285 1355 1333 1422 καί
1348 1357 1463 1431 ἐπωπάς
1478 1356 1523 1424 ε’πῖ
1537 1360 1585 1426 τὸν
1599 1361 1708 1444 συνήθη
1723 1367 1772 1428 τοῦ
1786 1366 1871 1429 omis

228 1494 332 1570 χσσθαι
350 1484 450 1560 τόπον,
472 1484 555 1571 ὄχλον
572 1486 658 1554 πολὺν
677 1491 838 1553 συνεστῶτα
856 1488 921 1551 είδε·
945 1483 993 1551 καὶ
1012 1483 1073 1567 ἅμα
1091 1491 1130 1566 τοῦ
1149 1487 1254 1569 μελλειν
1268 1487 1447 1570 διαλέγεσθαι
1463 1486 1547 1553 αἰτόν
1562 1488 1643 1570 εἰσήει
1658 1514 1700 1562 τις
1713 1495 1770 1554 τῶν
1785 1492 1873 1558 αἰετοῦ

228 1612 363 1679 διακόνων
376 1613 464 1697 λόγων
477 1616 576 1698 Σήιον
590 1614 650 1681 άπὸ
663 1615 836 1698 Ἀντιοχείας
849 1613 1034 1697 εἰσεληλυθώς
1048 1613 1097 1678 ἀπ’
1115 1613 1200 1696 αὐτῆς
1213 1613 1345 1696 ἕσπερος,
1369 1613 1475 1695 μαθων
1488 1613 1675 1698 ῦποσχόμενόν
1693 1642 1724 1682 σε
1743 1617 1792 1683 τόν
1810 1618 1873 1702 περὶ

227 1740 382 1825 μοναρχίας
398 1751 545 1807 ποιεῖσθαι
562 1740 656 1826 λόγον,
680 1741 786 1825 ἕτοιμός
805 1742 861 1807 ε’στι
878 1741 948 1824 μετά
962 1740 1162 1824 Ἀθηνοδώρου
1180 1744 1229 1807 τοῦ
1242 1740 1425 1824 Ἐπικουρείου
1442 1744 1631 1826 διαλεγομένου
1646 1738 1721 1826 (sic)
1737 1771 1781 1811 σοι
1799 1746 1873 1810 ε’πελ-

228 1874 301 1943 θεῖν,
315 1865 388 1952 πρός
400 1866 434 1934 τό
450 1867 596 1953 ἀπολέγειν
610 1871 728 1952 δημοσίᾳ
736 1873 807 1935 πᾶσι
815 1879 873 1941 τοῖς
881 1867 934 1934 ῦπό
943 1874 993 1934 σοῦ
1001 1866 1069 1950 ῦπέρ
1077 1871 1230 1952 μοναρχίας
1238 1869 1390 1951 λεγομένοις
1398 1868 1495 1951 λόγοις.
1528 1869 1576 1932 10.
1593 1875 1684 1936 ταῦτα
1690 1877 1740 1937 τοῦ
1747 1873 1875 1938 διακόνου

228 1995 362 2079 λέγοντος,
376 1995 436 2061 ἰδοῦ
450 1994 536 2070 αῦτίις
549 1995 631 2079 εἰσήει
644 1999 742 2078 Σίμων
755 1995 827 2079 μετά
840 1992 1040 2078 ’Λθηνοδοόρου
1054 1994 1102 2060 καί
1117 1995 1209 2061 ἄλλων
1223 2000 1305 2061 τινῶν
1319 1995 1419 2078 ίτίρων
1436 1991 1577 2080 (corrige
1592 1996 1738 2083 ἑταερων)
1758 1996 1805 2065 καί
1819 2001 1874 2084 πρό

229 2136 278 2196 τοῦ
296 2157 323 2194 τι
336 2131 385 2197 τὸν
400 2125 512 2206 Πίερον
526 2125 715 2208 φθέγξασθαι
730 2123 815 2196 αὐτὸς
828 2123 978 2208 προλαβών
993 2123 1044 2206 ἔηη
1083 2123 1131 2186 11.
1149 2122 1280 2206 Ἔμαθον
1294 2124 1333 2197 ὠς
1346 2123 1467 2206 ῦπίσχου
1479 2122 1551 2206 χθίς
1564 2129 1604 2204 τῷ
1623 2125 1760 2192 Φαῦστον
1773 2128 1812 2201 εἰς
1826 2127 1876 2211 τήν

228 2260 345 2343 σήμερον
360 2259 449 2335 δεῖξαι
462 2259 506 2338 τήν
520 2252 597 2329 τάξει
611 2251 660 2317 τὸν
674 2251 755 2334 λόγον
768 2251 937 2334 ποωίμενος,
952 2250 999 2316 καὶ
1014 2251 1063 2315 ἀπ’
1081 2251 1166 2317 αἰτοῦ
1181 2250 1332 2335 ἀρχόμενος
1344 2256 1394 2316 τοῦ
1408 2255 1465 2316 τῶν
1479 2248 1551 2316 όλων
1566 2252 1713 2328 δεσπόσω,
1733 2251 1775 2319 ότι
1790 2253 1876 2320 αἰετόν

229 2391 273 2451 δεῖ
282 2385 366 2469 μόνον
379 2387 464 2468 λέγειν
477 2382 561 2455 θεόν,
584 2377 685 2452 ἄλλους
699 2376 729 2442 δὲ
742 2376 808 2462 μήτε
823 2378 907 2462 λε’γειν
920 2379 987 2462 μήτε
1004 2380 1133 2461 νομίζειν,
1157 2375 1200 2444 ότι
1218 2378 1234 2444 ό
1253 2377 1334 2461 παρά
1354 2383 1436 2443 τοῦτο
1454 2384 1543 2442 ποιῶν
1561 2380 1680 2452 αἰωνίους
1699 2386 1877 2465 κολασθῆναι

229 2514 291 2598 ἔχει.
331 2512 378 2576 12.
398 2510 453 2594 πρὸ
467 2509 582 2575 πάντων
597 2505 629 2592 δή
646 2507 763 2589 άληθῶς
777 2507 1011 2589 κατιιπεῖιῖηγμαί
1021 2531 1072 2570 σου
1086 2505 1135 2590 τήν
1150 2506 1294 2581 ἀπόνοιαν,
1310 2502 1352 2571 ότι
1366 2504 1486 2590 ήλπισας
1499 2507 1538 2578 εἰς
1549 2505 1597 2589 τήν
1604 2505 1655 2590 σήν
1663 2505 1790 2591 βούλησιν
1795 2535 1876 2590 μετα-

230 2650 324 2705 πεῖσαι
338 2638 429 2722 ἄνδρα
443 2632 594 2719 σοφόνκαὶ
609 2639 700 2699 ταῦτα
715 2633 874 2718 πρεσβότην.
898 2633 956 2697 ἀλλ’
974 2633 1023 2698 οῦκ
1038 2633 1161 2715 ἰπιτεῦξη
1175 2637 1232 2698 τῶν
1246 2637 1304 2699 σοῦν
1318 2632 1524 2718 βουλευμάτων,
1539 2633 1626 2716 ταῦτ-η
1640 2639 1759 2716 μᾶλλον,
1774 2635 1876 2718 παρόν

230 2791 279 2839 τος
294 2765 359 2849 ἐμοῦ
373 2761 421 2830 καί
435 2764 500 2836 τοὺς
514 2769 625 2843 ψευδεῖς
639 2786 690 2826 σου
704 2762 885 2843 διελέγχοντος
899 2759 1006 2844 λόγους·
1023 2758 1089 2833 ἴσως
1103 2758 1156 2842 γάρ
1171 2760 1236 2842 ε’μοῦ
1249 2759 1285 2844 μή
1299 2760 1440 2843 παρόντος
1453 2758 1588 2844 ήπατήθη
1604 2759 1640 2826 ἂν
1654 2760 1670 2828 ό
1684 2761 1773 2845 σοφὸς
1782 2765 1878 2847 γε’ρων,

232 2893 340 2976 ἰδιώτης
354 2890 394 2958 div
408 2898 465 2958 τῶν
480 2889 709 2974 παράἸουδαίοις
723 2889 841 2971 δημοσία
855 2887 1073 2970 πεπιστευμελων
1087 2889 1195 2972 βιβλων.
1231 2885 1280 2950 13.
1303 2883 1350 2951 καί
1364 2886 1397 2952 τὸ
1412 2894 1459 2952 νῦν
1473 2887 1538 2961 τοῦς
1551 2888 1669 2962 πολλοῦς
1682 2888 1878 2973 ίπερθήσομαι

230 3021 336 3104 λόγους,
351 3018 397 3085 ἵνα
411 3023 460 3102 τῆς
473 3015 648 3101 ὑποσχέσεως
662 3040 713 3080 σου
728 3013 824 3098 τάχιον
838 3013 887 3080 τόν
902 3014 1010 3098 ἔλεγχον
1023 3014 1188 3097 ποιήσωμαι.
1211 3013 1252 3080 διὸ
1262 3014 1303 3098 ἐφ’
1315 3013 1391 3097 ήμῶν
1402 3015 1495 3081 αὐτῶν
1505 3015 1621 3089 τοῦντιῖς
1630 3017 1743 3100 γραφάς
1754 3017 1874 3091 εἰδότων,

282 3245 306 3300 7.
319 3245 411 3300 Hom.
423 3243 479 3299 XV
480 3285 487 3313 ,
501 3243 541 3296 11.
559 3274 575 3283 -
588 3274 603 3283 -
620 3240 745 3311 ἡμετέραν
757 3246 899 3309 θνησκείαν
909 3248 1018 3309 μαθεῖν,

231 3331 326 3403 ὀφείλω
338 3333 369 3401 τή
380 3363 395 3371 -
409 3363 421 3373 -
433 3335 560 3389 ἐνθεῖναι,
577 3326 622 3380 ἀπ’
636 3326 719 3379 αἰετοῦ
731 3331 785 3381 etc.
798 3326 827 3378 in
841 3325 944 3398 quibus
957 3324 1017 3379 nul·

232 3417 292 3470 lum
299 3416 415 3470 verbum
426 3413 529 3468 differt.
546 3413 634 3483 Epit.
646 3411 844 3466 CXXVIILn
852 3409 921 3479 ήμετ.
931 3416 1018 3463 πίστιν

230 3509 332 3570 μαθεῖν
346 3500 464 3570 προῖόντι
479 3498 526 3563 (al.
537 3506 607 3567 μαθ.
620 3497 749 3568 όηείλοντι
758 3499 790 3567 τή
801 3496 882 3560 τάξει)
899 3496 945 3549 τόν
962 3496 1017 3561 λόγ.

232 3587 380 3655 ἐνθήσομαι
397 3584 450 3650 (ita
466 3584 551 3639 etism
572 3601 624 3653 pro
642 3582 798 3650 ὀφθήσομαι
819 3581 1017 3651 corrigendum

232 3671 367 3742 videtur),
379 3669 425 3723 ἀπ’
438 3669 497 3722 αἰτ.
510 3672 612 3739 πρῶτον
621 3668 667 3733 (al.
676 3673 740 3731 om.)
753 3667 813 3737 ἀρχ.
827 3702 840 3711 -
854 3701 867 3710 -
880 3665 960 3719 αἰετόν
972 3666 1018 3731 (al.

232 3755 273 3809 δ’τι
287 3755 378 3819 αὐτόν)
390 3778 418 3824 μ.
432 3758 492 3809 δεῖν.
505 3755 551 3820 (al.
563 3757 612 3817 δεῖ)
623 3785 640 3795 -
650 3785 667 3795 -
677 3758 721 3805 καὶ
738 3751 778 3806 ὅτι
788 3750 862 3822 παρά
875 3787 888 3796 -
900 3784 916 3793 -
928 3753 1019 3805 αλυίνια

232 3841 443 3908 κολασθήσεται,
459 3839 491 3899 οῖς
503 3844 538 3899 είς
549 3839 607 3892 αἰτ.
619 3842 670 3892 τοῖν
681 3837 747 3892 όλων
759 3837 832 3906 ολσεβ.
845 3837 919 3891 θεόν.

283 3927 308 3980 8.
319 3930 450 3980 καὶτοῦτο
461 3925 553 3988 (Hom.
560 3928 657 3996 ταῦτα)
667 3956 702 3965 --
711 3929 824 3982 ίπιθείςτ
837 3923 1019 3977 consentiunt

234 4028 298 4065 cum
314 4009 358 4064 his
376 4016 404 4066 et
419 4010 513 4065 Hom.
531 4016 561 4064 ei
572 4010 738 4080 Epitome.
767 4013 810 4061 ναὶ
827 4007 964 4076 εὐξάμενος
975 4040 991 4049 -
1003 4040 1020 4050 -

233 4097 339 4162 ὄχλουςε
355 4096 499 4152 consentit
515 4095 622 4164 Hom„
635 4095 703 4148 item
715 4110 773 4150 var.
786 4094 851 4148 leet.
864 4092 1020 4162 Epitomes‚

234 4181 286 4236 sed
298 4182 406 4236 editum
422 4186 478 4236 est:
494 4184 538 4232 nai
549 4181 660 4239 τούτους
671 4178 731 4251 εἰνχή
743 4178 911 4249 θεραπεύσας
922 4177 968 4245 τήν
979 4184 1021 4231 iu-

233 4270 340 4335 κλησίαν
349 4270 469 4319 διέλυσεν.
487 4265 581 4319 Hom.
591 4269 634 4316 καὶ
644 4264 695 4318 εἶθ’
706 4296 722 4305 -
733 4299 746 4308 -
757 4264 1020 4331 συνηθεστίρωνήυθδ

234 4348 333 4407 ottob.
351 4352 482 4421 συνήθων)
498 4381 514 4391 -
530 4374 563 4411 -;
583 4349 675 4419 Epit
694 4348 745 4403 εἷθ’
763 4349 809 4416 (al.
825 4354 869 4402 καλ
886 4347 949 4411 εἷθ’)
966 4348 1020 4402 uiis.

234 4435 359 4490 εἰσελθεῖν
371 4436 417 4502 (al.
430 4435 521 4499 εἰσιών)
534 4439 577 4487 καὶ
590 4436 636 4500 (al.
650 4442 714 4498 0111.)
726 4439 777 4488 τῶν
789 4440 843 4489 ete.

284 4522 309 4576 9.
322 4521 415 4576 Hom.
426 4520 504 4586 XVI,
519 4522 541 4572 1.
552 4518 731 4590 paucissimis
742 4518 848 4574 differt:
862 4520 965 4590 ὄρθρου
977 4551 993 4561 -
1006 4554 1019 4563 -

234 4605 300 4660 είδει
311 4606 385 4676 (Par.
397 4609 460 4670 ἴδεν)
473 4641 487 4650 -
499 4638 514 4647 -
527 4605 658 4675 ἐληλυθώς
671 4603 715 4657 ἀπ’
729 4605 811 4670 (Dav.
825 4604 930 4675 corrigi
946 4603 1020 4659 vole·

234 4691 286 4746 bat
295 4689 346 4755 ld)
358 4723 374 4733 -
385 4723 401 4733 -
416 4693 494 4756 λόγον
510 4690 618 4754 (ottob.
631 4692 717 4755 λέγων)
733 4722 750 4732 -
761 4722 777 4732 -
788 4689 855 4759 μετὰ
867 4690 942 4761 (Par.
955 4689 1021 4743 add.

233 4777 274 4847 γε)
283 4808 299 4817 -
311 4809 326 4817 -
338 4779 508 4846 διαλεγομένῳ
521 4776 584 4845 (sed
596 4775 660 4830 Par.
674 4793 738 4829 cum
750 4781 847 4829 nostro
865 4772 940 4828 male
958 4778 1021 4842 -μέ-

234 4867 292 4923 νου)
305 4894 319 4904 -
331 4892 347 4902 -
360 4859 409 4914 ὑπό
422 4865 471 4914 σοῦ
482 4860 619 4915 ὁσιόσποτε
634 4860 695 4926 ὑπὲρ
707 4866 760 4915 ete.
784 4860 873 4929 Epis.
887 4860 981 4929 Ὄρθρ.
993 4860 1021 4912 δὲ

235 4948 313 5000 πάλιν
332 4946 377 5011 (al.
390 4952 453 5012 0111.)
466 4944 480 4998 ό
494 4948 541 4999 [λε’.
554 4950 588 5005 ἐξ.
605 4950 648 4998 καὶ
664 4944 712 5016 (al.
726 4943 920 5007 111111.ίπιστοἰς)
938 4949 979 4997 ini
996 4966 1020 4998 τ.

234 5051 290 5085 συν.
303 5035 370 5085 διαλ.
379 5031 439 5084 τόπ.
449 5033 515 5091 στάς
525 5032 568 5098 (al.
576 5036 649 5098 0111),
659 5030 705 5083 ἅτε
715 5033 758 5082 καὶ
767 5034 869 5082 πολλῶν
878 5032 1021 5099 συνδεδρα-

234 5117 352 5185 μηκότων
368 5116 450 5182 ὄχλων
463 5118 508 5183 (al.
522 5134 585 5170 cum
597 5122 719 5183 nostro),
731 5114 789 5183 ἅμα
800 5148 815 5157 -
828 5148 843 5157 -
854 5115 922 5184 μετά
933 5134 961 5178 γε
973 5119 1022 5167 τοῦ

229 5200 317 5254 'Enim
324 5201 417 5268 Ἀθην.
431 5205 599 5270 διαλεγομίνιγ
608 5221 633 5256 σ.
643 5206 662 5253 ί.
672 5198 705 5258 ὥς
714 5196 747 5252 όὶν
755 5203 821 5254 πᾶσι
830 5209 886 5259 τοῖς
898 5198 919 5252 θ.
928 5219 953 5252 σ.
962 5203 1022 5269 περὶ

1089 3262 1147 3310 μοι.
1165 3239 1396 3311 ῦπαχορευομίνοις
1414 3244 1527 3311 δημοσία
1542 3241 1632 3312 παρών
1648 3242 1728 3301 αὐτὸς
1752 3242 1880 3308 imityos

1090 3326 1138 3397 (al.
1150 3327 1267 3396 propius
1281 3326 1317 3379 ad
1330 3333 1458 3380 nostrum
1471 3328 1586 3392 οοοεδ.)

1141 3437 1181 3491 10.
1194 3435 1286 3491 Ηο111.
1299 3468 1334 3477 --
1343 3441 1417 3489 τινοῖν
1426 3440 1477 3489 τῶν
1486 3435 1666 3506 ίταίρωνίθῒί.
1676 3454 1730 3491 0111.
1736 3458 1761 3490 τ.
1769 3443 1812 3503 it.)
1823 3444 1878 3494 eie.

1089 3521 1178 3591 Epit.
1191 3519 1308 3574 CXXX.
1325 3554 1340 3562 -
1352 3555 1367 3563 -
1385 3520 1442 3574 ἰδοῦ
1453 3526 1496 3573 καλ
1508 3520 1522 3573 ό
1535 3527 1598 3591 Σίμ.
1615 3522 1662 3575 σίιν
1675 3521 1738 3575 Ἀθ.
1754 3528 1800 3574 καί
1813 3543 1880 3576 τισιν

1089 3607 1176 3665 ἄλλοις
1188 3610 1296 3675 ἑταίροις
1308 3608 1385 3679 εῖσήει
1396 3640 1412 3648 -
1421 3639 1437 3648 -
1447 3642 1460 3651 -
1473 3627 1496 3659 τ.
1508 3609 1556 3660 m.
1568 3606 1632 3666 ὅλως
1644 3610 1731 3670 είπεῖν,
1744 3606 1823 3666 αὐτός
1832 3629 1876 3677 πρ.

1086 3693 1221 3762 Ἔμαθον,
1235 3696 1321 3762 φησίν.

1141 3803 1181 3855 11.
1194 3802 1286 3855 Hom.
1296 3801 1374 3861 XVI,
1387 3803 1411 3855 2.
1424 3834 1458 3846 --
1470 3807 1546 3867 ίχθλς
1558 3801 1626 3869 (011.
1630 3805 1706 3868 χθλς)
1717 3803 1799 3871 μόνον
1809 3806 1848 3857 δεῖ
1857 3807 1879 3856 λ.

1091 3885 1156 3940 θεόν
1174 3888 1226 3951 (its
1240 3885 1352 3955 ottob„
1368 3887 1432 3941 Par.
1445 3892 1510 3959 om.)
1529 3923 1542 3932 -
1554 3921 1569 3929 -
1582 3893 1640 3953 ἔχει.
1662 3887 1753 3959 Epis
1770 3889 1878 3960 pergit:

1091 3972 1131 4025 ότι
1145 3977 1211 4038 χθὲς
1230 3970 1344 4037 ῦπίσχου
1360 3976 1395 4040 τῷ
1411 3978 1443 4024 Φ.
1456 3974 1523 4025 κατὰ
1535 3972 1582 4042 τήν
1593 4006 1610 4016 -
1621 4006 1637 4016 -
1649 3972 1694 4026 ἀπ’
1709 3973 1793 4027 αὐτοῦ
1804 3977 1877 4044 πρῶ-

1090 4080 1137 4111 τον
1149 4093 1162 4102 -
1176 4093 1189 4102 -
1202 4061 1240 4110 δεῖ
1251 4058 1331 4126 μόνον
1343 4057 1390 4121 (al.
1401 4059 1459 4128 μόν.
1473 4061 1519 4121 δεῖ)
1534 4094 1547 4103 -
1560 4092 1575 4099 -
1591 4063 1635 4111 καλ
1651 4057 1693 4112 ότι
1710 4094 1723 4103 -
1741 4091 1757 4100 -
1774 4063 1881 4112 αἰωνίαν

1093 4143 1176 4214 ῦφίξει
1187 4143 1233 4211 τήν
1244 4149 1375 4214 τιμωρίαν.

1143 4246 1183 4298 12.
1195 4245 1288 4300 Hom.
1300 4243 1342 4297 l.l.
1355 4243 1406 4315 πρό
1418 4264 1447 4298 π.
1460 4247 1487 4297 δὲ
1497 4277 1533 4289 --
1546 4244 1732 4317 οἱπόνοιαν(ἰίο
1740 4243 1878 4312 otmar.

1092 4331 1223 4401 πρόνοιαν)
1236 4362 1252 4371 -
1264 4363 1279 4371 -
1291 4334 1497 4399 πεπιστευμένων
1509 4327 1797 4402 (θανατουμένων)
1808 4335 1878 4398 βίβλ.

1093 4416 1180 4486 Epit.
1192 4414 1234 4471 λλ.
1246 4414 1297 4482 πρὸ
1308 4434 1337 4468 π.
1351 4405 1396 4468 οἰν
1409 4451 1422 4460 -
1435 4449 1449 4461 -
1463 4414 1595 4478 ῦπόνοιαν,
1607 4415 1647 4468 ότι
1658 4416 1716 4483 ήλπ.
1721 4424 1881 4485 μεταπεῖσαι

1093 4501 1119 4552 οῖ.
1128 4520 1153 4555 σ.
1167 4499 1233 4554 οὕτω
1246 4537 1259 4545 -
1272 4533 1288 4543 -
1298 4504 1468 4554 τοῖνίλπίδων
1480 4505 1581 4553 καὶτοῦ
1595 4501 1752 4569 θελήματος,
1765 4500 1810 4554 ἅτε
1823 4521 1879 4554 πα-

1093 4587 1182 4656 ρόντος
1191 4619 1207 4628 -
1215 4621 1228 4630 -
1241 4592 1300 4644 ἴσως
1311 4585 1362 4656 γάρ
1375 4584 1408 4638 άν
1419 4590 1464 4638 καὶ
1476 4585 1593 4654 ήπάτητο
1603 4585 1639 4655 μή
1650 4606 1714 4657 παρ.
1724 4590 1797 4656 ἐμοῦ,
1809 4586 1880 4639 idwi-

1093 4693 1138 4739 της
1151 4706 1165 4716 -
1178 4704 1193 4713 -
1204 4676 1401 4741 πεπιστωμίνων
1414 4676 1482 4739 βίγίλ.

1144 4773 1184 4828 13.
1194 4772 1244 4827 Ηο
1252 4772 1334 4828 mil.
1344 4778 1387 4825 καὶ
1395 4771 1551 4838 simmei)
1562 4805 1577 4814 ·
1587 4772 1877 4837 -τῶι(οιο1σοΙ)εευε.

1093 4857 1240 4930 omissum)
1255 4857 1305 4916 τοὶς
1318 4892 1330 4900 -
1342 4890 1359 4900 -
1371 4859 1453 4930 ψεύδη
1470 4860 1522 4921 (ita
1535 4857 1607 4926 Os,
1621 4857 1686 4912 Par.
1699 4858 1809 4925 ψευδής)
1826 4864 1880 4912 ete.

1093 4943 1116 4995 Ε
1122 4942 1180 5012 pit.
1193 4942 1211 4997 l.
1224 4942 1242 4997 l.
1253 4943 1288 4995 τά
1301 4946 1344 4995 νῦν
1357 4947 1383 4995 δῖ
1395 4976 1410 4984 -
1420 4979 1433 4988 -
1447 4946 1490 4996 ίνα
1503 4943 1605 4997 θᾶττόν
1616 4963 1665 4996 σου
1676 4942 1723 5009 τήν
1738 4941 1881 5009 ὑπόσχεσιν

1093 5028 1212 5087 ἀσθενῶς
1229 5032 1340 5094 ίχουσαν
1357 5031 1479 5092 διελέγξω.
1505 5033 1559 5093 λε’χε
1577 5032 1716 5097 τοιγαροῦν
1734 5028 1749 5079 ὃ
1767 5026 1880 5094 ῦπίσχου

1094 5149 1107 5157 -
1121 5149 1134 5158 -
1146 5115 1246 5172 ἐθέλοις
1261 5117 1418 5180 παραλιπεῖν
1434 5146 1450 5155 -
1462 5149 1475 5158 -
1494 5113 1575 5172 οὕτως
1591 5113 1723 5174 ἀπόδειξις
1739 5112 1781 5166 ότι
1796 5117 1881 5183 ψευδῆ

1093 5198 1128 5251 τὰ
1142 5198 1307 5268 ὑπεσχημένα
1322 5206 1376 5254 ete.
