4756 6194
1148 683 1186 748 E.
1232 682 1536 750 GEORGIANA.

979 832 1060 900 (Cum
1072 832 1249 889 Armeniacis
1262 839 1291 888 et
1301 831 1479 902 Aethiopicis
1492 833 1567 889 foliis
1580 833 1709 907 aliquot)

633 1005 723 1072 (rod.
746 1005 871 1070 Tisch.
894 1006 1050 1072 XXXIX.
1085 1004 1349 1071 membranaceus
1366 1005 1516 1071 foliorum
1530 1006 1572 1072 55
1586 1009 1619 1070 in
1633 1008 1687 1089 4⁰,
1712 1007 1790 1071 satis
1806 1014 1964 1088 vetustus,
1988 1006 2155 1069 continens

528 1155 676 1219 magnam
691 1144 816 1220 partem
831 1134 1053 1221 martyrologii
1067 1132 1224 1198 ecclesiae
1239 1131 1453 1219 Georgianae.

633 1258 722 1325 Cod.
739 1259 862 1325 Tisch.
878 1260 949 1325 XL.
985 1258 1249 1326 membranaceus
1271 1259 1421 1325 foliorum
1444 1271 1567 1347 septem
1590 1269 1622 1325 et
1643 1261 1780 1326 duorum
1802 1259 2008 1325 dimidiorum
2032 1259 2155 1324 formae

527 1389 701 1469 maximae,
728 1387 882 1471 singulari
904 1388 1101 1474 antiquitatis
1126 1386 1221 1452 laude
1240 1389 1386 1472 insignis.
1430 1389 1519 1452 Inest
1537 1386 1673 1452 historia
1692 1385 1879 1472 Georgiana
1891 1385 2034 1453 Arethae
2054 1395 2087 1451 et
2105 1408 2155 1450 so·

527 1515 650 1578 ciorum
665 1514 743 1578 eius.

631 1638 723 1705 Cod.
739 1640 865 1705 Tisch.
880 1640 967 1706 XLI.
998 1641 1261 1706 membranaceus
1276 1640 1426 1706 fohorum
1442 1640 1612 1706 duodecim
1626 1643 1660 1706 in
1670 1641 1723 1721 4⁰,
1741 1639 1953 1726 Georgianus.
1986 1639 2063 1705 Duo
2077 1638 2156 1705 folia

525 1767 668 1853 psalmos
681 1768 853 1832 continent.
874 1768 926 1831 Dc
938 1767 1071 1854 reliquis
1084 1766 1205 1850 decem,
1218 1790 1300 1854 quac
1312 1768 1354 1833 ad
1365 1778 1430 1832 tres
1441 1768 1569 1833 codices
1583 1767 1659 1832 olim
1669 1767 1883 1854 pertinebant,
1892 1766 2036 1834 nondum
2046 1766 2155 1853 liquet

632 1893 722 1959 Cod.
739 1895 864 1960 Tisch.
880 1894 984 1958 XLII.
1000 1892 1265 1960 membranaceus
1280 1894 1431 1960 foliorum
1449 1896 1496 1978 15,
1513 1917 1649 1981 quorum
1665 1892 1720 1981 (A)
1739 1896 1775 1959 11
1792 1896 1826 1960 in
1840 1897 1880 1959 4⁰
1891 1903 2085 1981 etquattuor
2098 1890 2154 1980 (B)

525 2024 649 2087 formae
664 2024 823 2086 maximae
839 2032 925 2104 sunt,
949 2020 1164 2105 Georgianus.
1197 2022 1229 2086 A
1242 2023 1456 2107 fragmentum
1471 2021 1620 2106 liturgiae
1636 2033 1697 2105 est,
1722 2022 1901 2088 destinatae
1915 2024 2039 2109 primae
2054 2021 2155 2086 domi-

525 2159 617 2222 nicae
632 2154 753 2220 mensis
768 2150 897 2230 Martis3
912 2148 940 2212 B
956 2148 1054 2214 index
1069 2157 1120 2213 est
1133 2148 1176 2213 ad
1189 2147 1329 2213 missale.

630 2281 720 2347 Ood.
744 2276 867 2342 Tisch.
890 2276 1010 2340 XLHI.
1038 2286 1188 2341 constans
1214 2276 1368 2340 tredecim
1394 2277 1493 2340 variis
1520 2276 1605 2341 foliis
1630 2275 1886 2342 membranaceis
1911 2277 2152 2362 antiquissimis.

525 2411 603 2476 Tria
618 2433 635 2474 e
650 2406 802 2497 psalterio
817 2402 1048 2489 Aethiopico
1063 2403 1217 2489 decerpta
1237 2403 1401 2467 continent
1419 2402 1561 2489 psalmos
1582 2405 1721 2489 quinque
1740 2405 1872 2489 primos.
1909 2401 1984 2468 Alia
2005 2413 2155 2489 quattuor

524 2536 776 2625 palimpsesta
796 2542 884 2613 sunt,
904 2529 955 2594 bis
970 2530 1195 2595 Armeniace
1211 2531 1340 2615 scripta.
1377 2530 1429 2594 De
1445 2529 1576 2615 reliquis
1591 2531 1654 2594 tria
1667 2529 1826 2595 uncialem
1842 2530 2003 2617 quandam
2019 2532 2153 2617 scriptu-

524 2688 593 2730 ram
609 2661 865 2746 Georgianam
881 2658 1135 2743 antiquissimam
1149 2655 1283 2739 habent,
1299 2656 1399 2722 altera
1414 2658 1476 2721 tria
1489 2656 1766 2721 Armeniacam.

884 2937 922 3000 F.
967 2935 1186 3002 CODICES
1208 2934 1551 3001 HEBRAEORUM
1572 2935 1788 3001 ARABIOI.

629 3128 673 3190 Hi
689 3126 818 3190 codices
835 3146 945 3188 omncs
961 3125 994 3187 in
1007 3123 1216 3210 possessione
1226 3122 1433 3188 Karaitarum
1446 3121 1683 3187 Cairincnsium
1698 3134 1798 3206 erant,
1814 3133 1910 3209 atque
1922 3125 1985 3209 ipsi
1996 3124 2154 3189 Karaitici

524 3265 606 3338 sunt,
615 3253 759 3338 exceptis
768 3251 981 3317 coniectaneis
990 3248 1172 3314 talmudicis
1181 3272 1229 3313 nr.
1238 3249 1289 3312 48.
1299 3250 1443 3335 signatis.
1464 3248 2151 3336 ScriptisuntArabicelitterisHebraeis.*)

629 3379 719 3445 Ood.
735 3377 860 3445 Tisch.
876 3377 993 3442 XLIV.
1021 3377 1233 3463 bombycinus
1254 3375 1404 3441 foliorum
1419 3376 1459 3439 36
1478 3379 1583 3442 forma
1601 3378 1630 3442 8.
1648 3378 1779 3460 minori,
1800 3379 1967 3442 continens
1987 3377 2153 3443 Midrasch

522 3502 1531 3596 quemvocantdeMosesivehistoriamdeMoseapocrypham.
1556 3502 2148 3590 Cuilibellosimillimusestquemnu-

520 3659 580 3726 per
588 3635 627 3701 cl.
636 3635 657 3700 J
660 3633 778 3699 ellinek
786 3634 924 3719 primum
933 3630 1033 3696 edidit
1042 3629 1203 3696 Hebraico
1212 3631 1245 3695 in
1255 3628 1356 3696 altera
1365 3640 1456 3717 parte
1466 3629 1540 3695 libri
1552 3633 1604 3695 cui
1615 3631 1742 3697 titulum
1753 3633 1843 3696 fecit:
1858 3631 1921 3697 Bet
1932 3630 2152 3697 ha·Midrasch

523 3761 655 3848 (v't'tffl
670 3759 744 3845 niz)
760 3782 834 3846 pag.
853 3759 963 3822 l-ll.
1000 3758 1080 3823 Inde
1097 3756 1184 3843 quod
1199 3757 1239 3822 ab
1255 3758 1346 3823 initio
1362 3761 1517 3843 scripturn
1532 3769 1595 3823 est:
1612 3759 1705 3823 Nunc
1720 3759 1886 3824 historiam
1901 3758 2004 3824 Mosis
2019 3760 2152 3844 incipia-

521 3913 602 3972 mus,
615 3886 870 3953 concludcndum
877 3885 1006 3950 videtur
1013 3884 1095 3950 hanc
1106 3884 1273 3949 historiam
1282 3883 1324 3949 ad
1333 3883 1554 3950 collectionem
1565 3885 1715 3951 similium
1723 3887 1932 3951 traditionum
1941 3887 2151 3971 pertinuissc3

522 4016 580 4082 scd
593 4016 722 4080 videtur
736 4014 834 4078 etiarn
852 4012 894 4077 ad
914 4036 1007 4077 usum
1027 4033 1213 4099 synagogae
1232 4012 1394 4076 destinata
1412 4013 1522 4077 luisse.
1562 4012 1726 4078 Historiae
1744 4015 1870 4078 initium
1889 4013 1925 4077 fit
1945 4035 1965 4077 a
1983 4011 2078 4078 laude
2099 4011 2151 4077 dei

521 4143 705 4229 conscripta
723 4137 872 4205 versibus
891 4162 1026 4224 quorum
1049 4137 1213 4204 clausulae
1234 4139 1319 4203 inter
1341 4162 1375 4203 sc
1396 4150 1588 4223 consonant3
1610 4151 1678 4204 tum
1701 4138 1801 4205 relato
1822 4140 2001 4205 Pharaonis
2026 4141 2151 4205 somnio

520 4278 669 4336 narratur
688 4266 907 4333 Israelitarum
927 4267 967 4331 ab
986 4266 1117 4330 interitu
1135 4264 1297 4348 liberatio,
1318 4267 1394 4330 item
1417 4289 1499 4353 quac
1519 4267 1706 4332 acciderunt
1723 4267 1809 4333 Mosi
1828 4267 1869 4332 ab
1892 4268 2028 4332 infantia
2049 4290 2151 4354 usque

520 4398 596 4464 dum
612 4396 692 4461 deus
708 4397 771 4481 ipsi
786 4393 964 4481 apparebat
978 4392 1105 4457 divinae
1119 4391 1290 4476 legationis
1305 4393 1346 4458 ad
1360 4393 1563 4459 Pharaonem
1579 4416 1704 4459 caussa.
1731 4394 1906 4460 Praeterea
1920 4395 2059 4460 refertur
2075 4418 2151 4481 quo·

519 4526 615 4591 modo
631 4523 711 4590 deus
726 4522 811 4587 Mosi
828 4519 1004 4586 ostenderit
1018 4519 1125 4585 caelos
1141 4530 1277 4606 septem,
1293 4521 1414 4585 inferos
1432 4529 1463 4586 01
1476 4521 1678 4607 paradisum3
1695 4544 1777 4607 quae
1793 4523 1920 4609 piorum
1937 4533 1968 4586 et
1978 4523 2150 4610 impiorum

519 4651 733 4718 habitationes
749 4648 881 4714 uberius
897 4645 1122 4712 describuntur
1136 4670 1201 4712 una
1215 4671 1288 4713 cum
1299 4649 1451 4734 praemiis
1467 4657 1499 4714 et
1513 4649 1636 4735 poenis.
1646 4645 1671 4733 ¹)

618 4852 640 4916 ⁹)
656 4848 931 4920 etsuprspsg.14;
949 4848 986 4902 ad
1004 4849 1122 4902 eandem
1139 4849 1213 4902 enim
1233 4848 1429 4904 collectionem
1446 4847 1476 4902 hi
1493 4865 1607 4921 quoque
1625 4849 1689 4905 libri
1706 4849 1899 4920 pertinebant,
1919 4850 1969 4904 sed
1988 4858 2054 4902 sunt
2070 4867 2087 4903 a
2105 4865 2150 4903 me

520 4938 594 4992 dono
608 4936 666 4989 dati
679 4934 870 4990 bibliothecae
882 4933 1002 4986 univers.
1015 4933 1093 5004 Lips.

622 5018 826 5083 11Αο00111100
844 5019 879 5073 de
895 5018 950 5073 hoc
962 5018 1059 5073 libello
1077 5018 1206 5088 exposuit
1223 5016 1337 5087 Adelph
1353 5016 1480 5073 dellinek
1496 5020 1514 5074 l.
1528 5019 1546 5073 l.
1565 5019 1639 5086 (vido
1661 5036 1747 5091 supra
1764 5038 1791 5090 p.
1805 5019 1854 5085 14.)
1870 5035 1935 5089 pag.
1947 5018 1998 5071 360
2008 5034 2070 5090 sqq.
2104 5016 2150 5071 lbi

518 5105 673 5160 afferuntur
684 5104 770 5159 etiam
781 5105 836 5158 tria
848 5104 1039 5158 narrationum
1050 5102 1222 5174 singularum
1235 5101 1363 5174 exempla
1371 5103 1433 5174 ipso
1443 5109 1521 5158 textu
1528 5102 1662 5159 Ambieo.
1681 5103 1777 5158 Prima
1786 5102 1962 5159 inscribitur:
1976 5102 2069 5158 Moses
2079 5118 2150 5173 puer

518 5189 655 5259 prudens3
669 5189 772 5243 altera:
785 5187 924 5243 Baculum
937 5188 1072 5243 miracula
1084 5190 1186 5256 edens3
1199 5188 1295 5243 tertia:
1308 5188 1395 5243 Mosis
1409 5188 1582 5261 colloquium
1595 5206 1658 5245 cum
1670 5188 1820 5245 1101111011.
