4756 6194
1827 408 1867 471 07

229 588 328 655 rubro
348 589 401 655 vel
424 588 620 654 subrubente
643 600 822 655 atramento
846 616 865 655 a
888 602 1071 657 correctore
1096 593 1238 658 additum
1263 617 1345 657 csse.
1390 594 1606 679 Desumptum
1628 603 1677 656 est
1700 618 1719 656 a
1742 593 1867 657 101104.

230 739 335 781 verso.
385 716 538 781 Continet
567 729 673 782 autem
694 718 798 783 codex
821 732 931 783 noster
953 718 1109 783 librorum
1130 720 1267 785 Genesis
1293 731 1324 784 et
1348 721 1455 784 Exodi
1478 731 1586 806 partes
1608 720 1681 784 has:
1713 720 1868 801 (101150,

231 843 519 926 ’1-Ε110(1.8,22.
545 847 593 925 10,
611 846 792 927 111-1110.
836 847 924 910 Inter
946 846 1083 912 Genesis
1104 857 1135 911 et
1154 848 1262 913 Exodi
1281 848 1382 912 libros
1404 847 1489 912 nullo
1508 847 1678 912 intervallo
1699 847 1868 912 distinctos

229 972 421 1059 interposita
443 971 524 1037 haec
548 972 712 1057 leguntur:
739 972 938 1054 „Absolutus
963 985 1012 1039 est
1033 973 1115 1039 liber
1135 978 1257 1061 primus
1284 975 1375 1059 legis.
1422 974 1573 1060 Sequitur
1597 974 1677 1039 liber
1697 974 1868 1054 secundus,

231 1097 355 1165 exodus
378 1098 516 1163 filiorum
539 1099 640 1164 Israel
663 1124 680 1164 e
704 1100 983 1187 ter1·ahcgypti.“
1005 1103 1084 1165 Item
1111 1124 1239 1166 carmen
1264 1102 1389 1167 Mariae
1411 1102 1515 1166 Exod.
1542 1105 1588 1184 15,
1616 1103 1642 1164 1.
1666 1101 1867 1165 inscribitur:

230 1225 412 1307 „Laudatio
437 1250 496 1313 pro
518 1227 709 1292 liberatione
731 1229 873 1291 corum.“
904 1228 1072 1293 Sectioncs
1092 1240 1157 1293 tam
1178 1232 1316 1293 maiores
1337 1252 1432 1314 quam
1451 1232 1593 1293 minores
1617 1230 1867 1313 distinguuntur.

229 1353 371 1418 Maiores
394 1356 427 1417 in
454 1357 598 1438 margine
624 1355 746 1418 codicis
771 1354 955 1418 indicantur
979 1356 1100 1441 duplici
1123 1378 1274 1421 numero:
1305 1356 1405 1421 altero
1426 1359 1511 1419 euim
1530 1357 1603 1420 libri
1621 1356 1744 1438 Exodi,
1767 1356 1868 1420 altero

230 1483 328 1545 totius
347 1481 560 1547 Pentateuchi
581 1483 741 1546 sectiones
762 1492 980 1546 numerantur.
1018 1482 1070 1547 Ad
1086 1484 1191 1547 Exod.
1215 1487 1241 1563 1,
1263 1486 1289 1546 l.
1310 1486 1408 1570 positi
1428 1495 1503 1547 sunt
1514 1486 1637 1548 numeri
1654 1484 1781 1547 XXXV
1797 1493 1828 1547 et
1844 1484 1868 1565 l,

232 1632 368 1695 quorum
383 1631 425 1673 cx
439 1610 548 1695 priore
563 1621 699 1695 apparet
712 1609 831 1673 librum
848 1611 1000 1691 Genesis,
1024 1621 1059 1673 ut
1073 1612 1106 1673 in
1123 1609 1266 1696 Syriacis
1282 1610 1449 1676 codicibus
1465 1612 1534 1674 lieri
1552 1611 1648 1693 solet,
1672 1611 1868 1676 sectionibus

231 1736 375 1801 XXXIV
398 1735 580 1801 absolutum
600 1758 681 1800 esse.
720 1736 825 1800 Exod.
846 1740 875 1817 3,
899 1739 925 1799 1.
955 1737 1123 1801 inchoatur
1143 1737 1243 1801 altera
1263 1739 1370 1801 Exodi
1394 1748 1425 1801 et
1450 1739 1617 1822 trigesima
1638 1749 1731 1802 sexta
1754 1738 1868 1802 Ponta-

230 1864 338 1929 teuchi
354 1866 469 1945 secti03
495 1863 601 1928 Exod.
621 1866 651 1944 4,
670 1866 717 1927 111.
741 1864 802 1929 III.
821 1874 852 1928 et
872 1865 1034 1928 XXXVII
1042 1889 1049 1946 3
1074 1866 1180 1928 llxod.
1204 1866 1233 1947 6,
1257 1868 1303 1929 10.
1325 1865 1379 1928 lV.
1401 1865 1766 1948 otXXXV1113Ex0d.
1787 1870 1816 1947 8,
1840 1865 1868 1927 8.

233 1992 269 2055 V.
293 2002 325 2055 et
343 1992 506 2073 XXXIX3
531 1991 637 2056 Exod.
661 1993 709 2071 ll,
733 1993 759 2053 l.
783 1992 856 2055 Vll.
882 2004 913 2054 ct
934 1992 1026 2073 XLI,
1055 1992 1160 2055 Exod.
1191 1994 1236 2073 12,
1261 1992 1311 2057 31.
1334 1992 1422 2056 VIII.
1450 2004 1482 2056 et
1505 1993 1615 2074 XLII,
1639 1992 1745 2057 Exod.
1771 1995 1819 2071 14,
1839 1994 1868 2055 5.

230 2119 288 2182 IX.
309 2130 341 2184 et
365 2118 491 2199 XLIII3
515 2118 619 2182 llxod.
646 2121 696 2191 15,
717 2120 766 2181 22.
789 2119 829 2182 Χ.
856 2130 888 2182 ct
910 2120 1030 2201 XLIV,
1053 2119 1159 2183 Exod.
1188 2120 1234 2201 17,
1262 2121 1288 2182 1.
1308 2120 1365 2185 XI.
1386 2130 1419 2183 et
1437 2120 1538 2183 XLV.
1587 2121 1624 2183 In
1645 2121 1706 2184 hae
1726 2132 1870 2184 extrema

231 2248 373 2311 sectione
394 2246 635 2329 distinguuntur
655 2249 796 2310 minores
817 2249 977 2310 sectiones
999 2247 1139 2333 quinque
1159 2247 1201 2311 ad
1218 2248 1266 2330 17,
1282 2247 1311 2311 5.
1336 2248 1365 2313 8.
1383 2247 1432 2311 14.
1458 2246 1507 2331 18,
1525 2250 1540 2310 1
1558 2250 1633 2313 015.
1665 2249 1777 2333 Neque
1793 2271 1870 2311 vcro

231 2398 312 2460 quae
336 2397 421 2439 nunc
448 2375 480 2437 in
505 2373 617 2436 codiee
642 2374 762 2459 scripta
780 2376 987 2438 inveniturtur
1012 2375 1120 2438 onmia
1143 2373 1184 2437 ab
1208 2398 1273 2438 rura
1292 2374 1469 2459 eademque
1492 2398 1589 2439 manu
1613 2376 1759 2460 prolecta
1778 2385 1869 2456 sunt,

231 2502 289 2567 sed
300 2500 401 2566 multa
411 2502 550 2565 nraxime
567 2502 598 2563 iu
614 2502 742 2585 punctis
759 2501 934 2565 diacr·iticis
951 2503 1048 2587 inque
1063 2501 1223 2565 vocalium
1239 2510 1272 2566 et
1286 2511 1475 2565 accentuum
1489 2503 1589 2585 signis
1601 2501 1697 2565 homo
1711 2503 1869 2587 sequioris

232 2631 305 2695 aevi
334 2628 511 2715 supplevit,
542 2630 664 2712 passim
696 2630 791 2693 ctiam
822 2652 916 2693 suum
944 2638 1069 2693 textum
1095 2630 1267 2714 antiquiori
1298 2629 1544 2715 suprascripsit,
1574 2640 1609 2693 ut
1635 2629 1715 2693 (1011.
1741 2630 1792 2710 50,
1822 2630 1870 2693 15.

231 2755 336 2822 Exod.
357 2758 385 2838 1,
411 2758 458 2818 11.
494 2756 606 2841 Ipsum
625 2767 749 2821 textum
769 2779 867 2842 quum
886 2755 925 2819 cl.
950 2756 1042 2820 Tueh
1066 2756 1228 2821 conferret
1250 2777 1323 2819 cunr
1341 2754 1449 2819 bibliis
1469 2755 1661 2841 Polyglottis
1685 2756 1870 2820 1.οι1111101-

232 2882 322 2949 sibus
347 2895 379 2947 et
398 2884 617 2948 emendatiore
637 2884 717 2948 Leei
738 2883 894 2965 editione,
919 2906 1001 2969 quae
1021 2883 1143 2969 prodiit
1164 2884 1259 2965 1823,
1286 2880 1440 2948 adhibitis
1466 2884 1599 2969 insuper
1623 2882 1789 2948 codicibus
1809 2884 1870 2947 Ρο-

231 3011 337 3076 eochii
360 3022 392 3075 et
412 3010 537 3075 Usscrii
558 3020 590 3075 et
608 3008 804 3096 Eplnaomo,
827 3011 950 3076 invenit
971 3012 1119 3097 inprimis
1135 3013 1219 3075 inter
1232 3020 1379 3076 nostrum
1394 3010 1541 3075 codicem
1557 3022 1589 3075 et
1603 3010 1684 3085 Leei
1697 3011 1871 3076 editionem

231 3140 271 3204 de
292 3139 431 3203 lectione
451 3138 625 3201 convenire
632 3187 641 3220 ,
665 3139 885 3203 consentiente
905 3137 1094 3225 plerumque
1113 3139 1186 3225 ipso
1206 3137 1358 3203 Hebraeo
1379 3147 1484 3221 textu,
1504 3147 1540 3202 ut
1562 3136 1716 3221 (101150,
1736 3138 1871 3222 80113,

230 3266 336 3331 Exod.
356 3267 382 3345 l,
400 3265 454 3347 12,
474 3265 503 3347 2,
522 3267 576 3347 11,
596 3266 626 3347 3,
644 3265 698 3347 17,
717 3266 748 3349 4,
764 3266 793 3331 5.
810 3266 830 3329 9
846 3261 936 3350 (bis).
953 3266 1003 3330 23.
1054 3264 1130 3329 Alia
1150 3275 1201 3330 sat
1220 3264 1320 3331 nndta
1338 3275 1450 3331 nostro
1470 3264 1577 3331 codici
1594 3264 1773 3353 peculiaria
1788 3278 1871 3349 sunt,

230 3396 334 3479 iisque
356 3393 479 3478 passim
506 3392 584 3455 solis
610 3390 762 3457 Hebraea
786 3392 869 3457 benc
892 3394 1031 3478 exprimi
1054 3392 1216 3476 videntur,
1239 3391 1623 3476 1112,11.10οο101110,
1646 3394 1748 3475 3,15,
1774 3394 1803 3475 5,
1819 3394 1870 3457 21.

231 3522 284 3585 Fit
299 3523 395 3584 etiarn
412 3531 446 3582 ut
461 3517 549 3583 solus
566 3542 638 3582 cum
655 3530 766 3583 nostro
783 3519 895 3583 eodice
909 3519 1113 3607 Ephraemus
1129 3522 1241 3601 faciat,
1263 3528 1298 3584 ut
1315 3520 1363 3601 15,
1381 3520 1429 3584 15.

335 3646 424 3711 0001.
444 3646 570 3710 Tisch.
597 3647 668 3710 XV.
692 3645 905 3733 bombycinus
923 3647 1071 3712 foliorum
1090 3647 1130 3713 58
1150 3649 1183 3711 in
1204 3647 1246 3729 8⁰,
1265 3657 1339 3711 ante
1359 3647 1454 3733 plura
1472 3654 1559 3711 certe
1575 3646 1706 3712 saecula
1721 3648 1870 3732 scriptus.

229 3777 343 3840 Insunt
358 3774 469 3860 hynmi
484 3773 752 3837 Nestorianorum
767 3773 880 3838 litteris
901 3797 981 3859 (quas
1002 3775 1113 3838 dicunt
1126 3775 1328 3838 Nestorianis
1349 3776 1417 3838 sive
1439 3772 1612 3838 Chaldaeis
1633 3774 1766 3839 exarati.
1807 3774 1872 3855 Qui

229 3926 271 3967 an
291 3914 322 3967 et
343 3911 500 3988 quatenus
519 3923 591 3964 eum
612 3899 708 3965 editis
729 3906 936 3984 conveniant,
958 3902 1101 3967 nondum
1117 3899 1319 3987 exploratum
1335 3909 1393 3965 est.
1427 3900 1600 3987 Speeimen
1620 3901 1798 3988 scripturae
1819 3927 1872 3967 ex·

229 4029 391 4094 hibuimus
410 4026 475 4091 tab.
495 4027 554 4091 III.
574 4026 647 4091 loco
669 4038 796 4114 quarto,
817 4029 1022 4117 desumptum
1042 4054 1061 4093 a
1081 4029 1159 4093 folio
1182 4030 1229 4092 ll.
1249 4040 1349 4093 10010.

336 4155 424 4220 Cod.
448 4154 574 4219 Tisch.
596 4154 684 4219 XVI.
707 4157 989 4239 membranaceus,
1006 4168 1160 4220 constans
1182 4155 1267 4220 foliis
1288 4158 1342 4236 23,
1367 4178 1503 4241 quorum
1518 4177 1579 4219 1100
1594 4156 1699 4220 forma
1713 4179 1774 4220 nec
1789 4158 1872 4222 ratio

229 4306 289 4346 nce
307 4293 396 4346 aetas
421 4282 533 4347 eadem
558 4294 619 4364 est,
645 4285 786 4368 quinque
810 4283 958 4348 codicuur
980 4284 1135 4371 reliquiis.
1188 4285 1384 4367 Fragmenta
1407 4304 1489 4367 quac
1514 4281 1603 4367 siglis
1626 4279 1715 4345 ABc
1739 4284 1872 4369 insigni-

229 4412 334 4473 vimus
355 4411 544 4495 antiquitate
565 4421 719 4495 superant
739 4410 850 4474 decem
871 4409 948 4474 folia
973 4410 1056 4495 siglo
1080 4411 1109 4475 E
1129 4419 1254 4491 notata,
1280 4411 1421 4475 omnium
1445 4432 1522 4473 voro
1545 4410 1804 4494 antiquissimum
1822 4420 1873 4475 est

229 4536 340 4599 folium
357 4559 456 4601 unum
471 4537 502 4601 D
519 4536 602 4621 siglo
617 4545 776 4619 notatum,
800 4537 884 4623 quod
900 4538 978 4623 quin
993 4560 1150 4603 annorum
1165 4538 1238 4624 plus
1253 4537 1340 4602 mille
1357 4539 1398 4601 sit
1412 4538 1467 4600 vix
1484 4535 1625 4600 dubitari
1638 4545 1756 4623 potest.

334 4663 379 4728 A:
403 4663 481 4728 folia
504 4673 654 4748 quattuor
679 4664 803 4728 formae
833 4666 982 4748 maioris,
1010 4666 1192 4749 fragmenta
1223 4665 1444 4729 commentarii
1479 4662 1644 4745 allegorici
1677 4664 1805 4749 mystici
1840 4666 1872 4728 in

229 4792 390 4854 canticum
407 4791 620 4872 canticorum,
640 4790 682 4854 ad
699 4802 795 4877 caput
811 4801 960 4877 quartum
975 4792 1164 4878 spectantia.

332 4916 375 4979 B:
413 4916 492 4981 folia
528 4928 678 5004 quattuor
710 4921 833 4983 formae
869 4918 1030 4999 eiusdem,
1066 4942 1143 5005 pars
1179 4917 1335 4983 historiae
1365 4918 1504 4981 hominis
1536 4916 1656 4981 ethnici
1687 4919 1741 5003 qui
1766 4916 1872 4982 Nisibi

229 5045 307 5109 urbe
335 5044 591 5130 Mesopotamiae
622 5069 724 5109 uxore
753 5044 938 5110 Christiana
963 5047 996 5109 in
1021 5046 1261 5111 matrimonium
1290 5045 1387 5109 ducta
1415 5056 1447 5108 et
1470 5046 1540 5128 ipsc
1564 5043 1606 5108 ad
1628 5043 1724 5108 tidem
1749 5041 1872 5108 Christi

228 5171 396 5237 transibat.

1536 5304 1566 5355 9.
