4756 6194
1897 369 1957 432 113

311 561 340 623 ἐν
352 557 537 644 Ἰερουσαλήμ
550 561 709 646 ἱερατεόσει·
724 560 771 627 καὶ
785 563 835 630 τὸν
848 563 1003 648 Σαλαθιήλ
1018 561 1063 630 ἐπὶ
1076 565 1126 645 υἱῶ
1140 565 1282 650 εῦλόγησεν
1296 564 1344 631 καλ
1358 567 1390 635 τό
1405 566 1494 650 ὄνομα
1507 569 1670 655 Ζοροβάβελ
1683 571 1832 652 ἐπέθηκεν·
1849 569 1897 636 καὶ
1912 569 1956 637 ἐπὶ

308 685 405 767 Κόρου
419 689 502 771 τέρας
517 689 617 753 ἔδωκεν
631 691 670 762 εἰς
684 700 765 765 νῖκος,
777 687 825 755 καλ
838 689 901 774 περὶ
914 697 964 775 τῆς
976 695 1144 776 λειτουργίας
1159 692 1245 759 αῦτοῦ
1258 693 1458 777 προηγόρευσεν
1471 693 1504 777 ἢν
1524 695 1630 779 ποιήσει
1648 697 1884 782 ε’νἼερουσαλήμ,
1907 697 1954 764 καὶ

307 812 451 896 εὐλόγησεν
469 812 566 881 αῦτόν·
588 814 636 881 καὶ
654 814 717 900 περὶ
734 819 831 891 τέλους
850 819 944 884 ἐθνῶν
962 816 1010 883 καὶ
1022 819 1140 904 Ἰσραήλ
1158 817 1206 884 καὶ
1225 825 1274 885 τοῦ
1292 825 1361 885 ναοῦ
1380 819 1427 885 καὶ
1443 821 1543 905 ἀργίας
1556 829 1708 906 προφητῶν
1722 822 1769 889 καλ
1783 825 1876 907 ἱερέων
1890 853 1955 909 προ

307 940 460 1023 εφήνευσεν.
476 941 634 1007 ἀπέκτεινεν
648 940 678 1007 δὲ
693 943 778 1011 αῦτόν
791 943 880 1019 Ἰωάς
893 946 1020 1030 βασιλεῦς
1032 947 1131 1014 Ἰοόδα
1144 947 1249 1030 μεταξὺ
1262 953 1312 1013 τοῦ
1326 953 1395 1013 ναοῦ
1409 947 1520 1015 καὶτοῦ
1534 953 1744 1033 θυσιαστηρίου,
1761 957 1954 1034 παραινοῦντα

307 1068 384 1148 αῦτῶ
404 1095 434 1133 τε
452 1067 500 1134 καλ
519 1074 559 1150 τῷ
577 1075 639 1150 λαῶ
659 1071 819 1155 ἀντέχεσθαι
839 1077 889 1155 τῆς
907 1073 1037 1156 ἀσεβείας
1055 1073 1101 1138 καὶ
1120 1075 1289 1158 ἐπιστρέφειν
1307 1074 1377 1159 πρὸς
1396 1076 1478 1140 θεόν·
1502 1075 1550 1141 καλ
1573 1077 1705 1162 λαβόντες
1725 1078 1810 1144 αὐτὸν
1828 1081 1854 1145 οἱ
1875 1081 1954 1162 ἱερεῖς

307 1194 430 1278 ἔθαψαν
442 1197 514 1279 μενά
529 1202 578 1263 τοῦ
592 1196 700 1280 πατρὸς
715 1199 808 1265 αἱποῦ.
823 1197 871 1264 καὶ
886 1200 944 1266 ἀπό
958 1200 1021 1266 τότε
1037 1202 1156 1285 ἐγίνοντο
1171 1202 1275 1284 τέρατά
1289 1229 1319 1266 τε
1335 1203 1363 1266 ἐν
1377 1208 1417 1283 τῶ
1436 1208 1497 1282 ναῶ
1516 1204 1608 1268 πολλὰ
1626 1205 1816 1288 φαντιισιιόδη.
1838 1204 1886 1271 καὶ
1904 1208 1953 1273 οῦκ

306 1319 400 1405 ι’σχυον
413 1325 440 1388 οἱ
453 1325 532 1406 ἱερεῖς
546 1327 611 1390 ἰδεῖν
625 1325 766 1392 ὀπτασίαν
781 1326 904 1411 ἀγγέλων
918 1333 989 1394 θεοῦ
1004 1326 1067 1393 οῦτε
1081 1334 1176 1394 δοῦναι
1189 1328 1326 1412 χρησμοὺς
1341 1329 1370 1394 ἐκ
1384 1335 1433 1395 τοῦ
1446 1329 1548 1414 Λαβὶγρ
1562 1329 1624 1397 οῦτε
1639 1333 1684 1398 διά
1699 1337 1755 1396 τῶν
1775 1332 1863 1415 δήλων
1883 1334 1951 1399 ἀπο

305 1454 437 1532 κριθῆναι
451 1453 479 1515 ἐν
493 1456 533 1532 τῶ
547 1457 609 1532 λαῶ
623 1452 663 1526 ῶς
676 1453 709 1519 τό
724 1456 795 1535 πρίν.

412 1574 476 1662 (ΙΕ.
500 1583 679 1665 Ζαχαρίας
697 1575 784 1664 ήλθεν
799 1581 828 1645 ἐκ
843 1587 892 1665 γῆς
906 1584 1076 1656 Χαλδαίων,
1095 1581 1145 1667 ήδη
1163 1584 1352 1668 προβεβηκώς,
1373 1584 1456 1648 κάκεῖ
1469 1590 1509 1665 τῶ
1523 1589 1584 1664 λαῶ
1599 1585 1690 1649 πολλά
1704 1588 1889 1670 προεφήτευσε
1903 1587 1951 1653 καλ

305 1706 410 1786 τέρατα
429 1706 529 1772 ἔδωκεν
545 1709 584 1780 εἱς
603 1707 751 1784 ἀπόδειξιν.
775 1702 856 1782 οὗτος
874 1711 948 1774 ελπεν
967 1715 1007 1790 τῶ
1019 1708 1150 1776 Ἰωσεδὲκ
1163 1707 1206 1776 ότι
1220 1710 1338 1794 γεννήσει
1351 1712 1421 1784 υἱόν,
1445 1710 1491 1776 καὶ
1507 1712 1784 1795 ε’ν(1ερ.ἱερατεόσει.
1808 1709 1888 1788 υἱτος
1902 1713 1949 1780 καὶ

305 1831 353 1897 τόν
367 1833 521 1918 Σαλαθιήλ
537 1832 581 1899 ἐπὶ
595 1835 644 1914 υἱῶ
663 1835 806 1919 ηίιλόγησε,
827 1834 875 1900 καλ
893 1836 926 1902 τό
945 1836 1034 1920 όνομα
1054 1838 1139 1903 αὐτοῦ
1153 1838 1315 1923 Ζοροβάβελ
1333 1839 1465 1922 ἐπιθηκε·
1487 1837 1535 1904 καλ
1555 1836 1600 1903 ἐπὶ
1617 1839 1715 1923 Κόρου
1728 1880 1737 1890 -
1752 1881 1761 1890 -
1779 1843 1885 1924 ποιήσει
1905 1840 1949 1907 ἐπὶ

302 1957 486 2044 Ἰερουσαλήμ,
497 1959 546 2026 καὶ
555 1960 618 2043 περὶ
628 1963 723 2035 τιλους
733 1963 835 2038 ἐθνῶν,
851 1960 898 2027 καὶ
909 1964 1051 2047 εὐλόγησεν
1066 1964 1151 2031 αὐτόν
1166 1967 1285 2048 σφόδρα.
1300 1966 1338 2030 τά
1352 1964 1382 2029 δὶ
1395 1971 1444 2048 τῆς
1459 1969 1631 2049 προφητειάς
1644 1969 1713 2031 ελδεν
1728 1966 1946 2053 ἐνἸερυυσαλήμ,

304 2084 351 2152 καὶ
373 2081 456 2172 [περὶ]
477 2093 527 2154 τοῦ
541 2094 611 2154 ναοῦ
629 2087 677 2153 καλ
691 2090 791 2173 ἀργίας
804 2097 956 2174 προφητῶν
970 2089 1017 2155 καλ
1032 2093 1124 2174 ἱερέων
1138 2090 1185 2157 καλ
1199 2091 1261 2174 περὶ
1277 2097 1372 2176 διπλῆς
1385 2096 1500 2175 κρίσεως
1514 2094 1629 2170 ἐξεθετο
1638 2090 1671 2177 ¹).
1691 2092 1738 2158 καὶ
1758 2095 1905 2161 ἀπέθανεν
1920 2098 1948 2161 ἐν

303 2214 375 2298 γήρει
390 2210 488 2299 (corr.
505 2224 555 2279 cst
569 2211 654 2302 γήρᾳ)
669 2222 767 2301 μακρῶ
782 2218 925 2293 ἐκλείπων,
941 2216 988 2283 καλ
1004 2220 1092 2302 ἐτάφη
1107 2219 1234 2303 σῦνεγγυς
1247 2225 1297 2285 τοῦ
1309 2217 1464 2305 Ἀγγαίου.)

407 2348 463 2408 IB.
489 2346 675 2426 Μαλαχίας
694 2344 766 2426 μετά
786 2344 835 2428 τήν
854 2346 1021 2430 ἐπιστροφήν
1039 2351 1088 2411 τοῦ
1107 2351 1176 2411 λαοῦ
1195 2349 1315 2412 τίκτεται
1334 2348 1362 2412 ἐν
1380 2347 1483 2430 Σωχά,
1506 2347 1538 2419 ὃς
1555 2349 1617 2420 νέος
1634 2346 1674 2411 ῶν
1692 2351 1752 2432 βιόν
1772 2351 1841 2433 εἶχεν
1861 2352 1948 2417 καλόν

302 2470 383 2535 πάνυ.
407 2468 456 2536 καὶ
470 2469 561 2554 ἐπειδὴ
574 2475 634 2545 πῶς
648 2470 664 2536 ὁ
678 2471 748 2545 λαός
762 2473 842 2555 ἐτίμα
857 2472 942 2539 αῦτδν
956 2472 996 2546 ὠς
1010 2469 1100 2557 ἀγιον,
1122 2473 1257 2540 ἐκάλεσαν
1277 2473 1363 2540 αὐτόν
1378 2475 1547 2558 Μαλαχιλιιν,
1570 2471 1586 2540 ό
1606 2477 1678 2540 ἐστιν
1698 2474 1820 2559 ἅγγελος.
1841 2470 1874 2561 ἦν
1892 2477 1946 2561 γάρ

301 2596 349 2662 καὶ
363 2602 403 2677 τῷ
417 2596 481 2662 είδεν
493 2598 631 2684 εῦπρεπὶης
644 2596 692 2663 καὶ
705 2605 745 2680 τῷ
759 2600 831 2684 λόγῳ
845 2600 990 2684 πληρωτής
1006 2595 1148 2685 (corrige
1163 2597 1367 2687 πληρωθει’ςλ)·
1387 2598 1443 2668 ὅσα
1458 2603 1511 2685 γάρ
1526 2603 1600 2668 εἶπεν
1619 2603 1714 2675 αῦτοῖς
1733 2603 1761 2667 ἐν
1781 2608 1944 2689 προφητείᾳ,

303 2725 372 2807 αἰνή
386 2728 421 2807 τῇ
434 2723 522 2808 ἡμέρᾳ
536 2725 639 2809 όφθεὶς
654 2724 768 2810 ἅγγελος
782 2729 874 2810 κυρίου
889 2727 1059 2812 ἐβεβαιδνσεν.
1074 2725 1122 2792 καὶ
1137 2727 1176 2792 ἐτι
1186 2729 1247 2801 νέος
1260 2725 1300 2793 ῶν
1315 2728 1475 2812 ἐτελειώθη,
1490 2726 1537 2793 καὶ
1553 2729 1641 2812 ἐτάφη
1657 2731 1685 2793 ἐν
1700 2729 1777 2812 ἀγρῷ
1792 2730 1884 2796 αι’ποῦ.

409 2847 475 2936 (13.
502 2856 698 2937 Μαλαχίας·
720 2848 801 2926 οὗτος
814 2855 935 2920 τίκτεται
950 2857 977 2920 ἐν
992 2861 1080 2938 Γοφᾶ
1098 2856 1169 2937 μειά
1188 2855 1238 2939 τήν
1256 2856 1423 2939 ἐπιστροφήν
1441 2861 1491 2922 τοῦ
1504 2861 1586 2931 λαοῦ,
1610 2853 1657 2920 καὶ
1677 2857 1716 2922 ἐπι
1732 2857 1808 2922 πάνυ
1826 2856 1887 2932 νέος
1904 2857 1944 2924 ῶν

299 2981 385 3046 καλόν
399 2981 459 3065 βίον
473 2980 576 3065 ἐσχηκε.
591 2977 639 3045 καλ
654 2981 745 3066 ἐπειδή
759 2987 818 3054 πᾶς
832 2981 847 3047 ό
862 2980 932 3055 λαός
946 2982 1026 3065 ἐτίμα
1046 2981 1131 3048 αὐτόν
1144 2981 1184 3056 ῶς
1202 2979 1277 3049 ῦσιον
1295 2980 1343 3048 καὶ
1360 2988 1465 3066 πρᾷον,
1488 2981 1616 3048 ἐκάλεσεν
1635 2983 1720 3049 αὐτόν
1737 2988 1905 3069 Μαλαχιάν,
1928 2987 1944 3052 δ

299 3108 471 3193 ἱρμηνεόεται
486 3106 611 3192 ἅγγελος·
625 3102 658 3191 ήν
673 3109 726 3192 γὰρ
740 3107 787 3173 καὶ
801 3114 841 3190 τῶ
856 3106 919 3173 εἴδει
932 3108 1078 3193 εὐπρεπής
1095 3109 1169 3174 ἀλλὰ
1183 3107 1230 3174 καὶ
1244 3107 1300 3175 όσα
1314 3111 1388 3175 ελπεν
1403 3109 1488 3183 αότδς
1503 3111 1531 3173 ἐν
1545 3112 1709 3193 προφητείᾳ,
1725 3111 1795 3194 αἰτή
1810 3118 1843 3194 τῇ
1857 3112 1944 3198 ήμέρᾳ

299 3234 401 3320 όφθεὶς
415 3235 454 3309 ῶς
469 3234 583 3320 ἅγγελος
595 3240 667 3301 θεοῦ
682 3236 902 3318 ἐπεδευτερονσεν,
918 3235 957 3309 ῶς
971 3237 1075 3320 ἐγένετο
1089 3238 1118 3300 ἐν
1132 3236 1244 3319 ἡμέραις
1254 3242 1304 3320 τῆς
1315 3238 1460 3320 ἀναρχίας,
1472 3235 1511 3310 ῶς
1522 3238 1675 3321 γέγραπται
1686 3238 1714 3301 ἐν
1725 3238 1824 3322 σαφάρ
1835 3240 1943 3324 φωτήμ,

299 3366 436 3430 τοιιτεστιν
451 3363 480 3428 ἐν
494 3365 579 3448 βίβλῳ
593 3368 700 3446 κριτῶν.
715 3361 761 3428 καὶ
777 3364 816 3428 ἐτι
829 3366 890 3437 νέος
903 3361 943 3428 ῶν
957 3366 1115 3448 προσετέθη
1129 3364 1201 3447 πρὸς
1214 3365 1279 3437 τοὺς
1292 3366 1417 3445 πατέρας
1432 3365 1518 3429 αὐτοῦ
1533 3366 1561 3428 ἐν
1576 3365 1653 3448 ἀγρῷ
1668 3362 1775 3448 αῦτοῦ.)

404 3497 456 3556 ΙΓ.
476 3489 520 3555 ‘H
520 3493 622 3564 σαΐας
637 3489 695 3564 υἱός
704 3491 800 3573 Ἀμῶς
813 3485 846 3574 ήν
861 3490 919 3558 ἀπό
926 3490 1113 3575 Ἰερουσαλήμ·
1129 3488 1291 3573 ἀναιρεθείς
1305 3488 1334 3554 δέ
1348 3490 1402 3556 ἱπδ
1412 3496 1566 3574 Μανασσή,
1582 3489 1712 3574 πρισθεὶς
1726 3493 1765 3565 είς
1779 3492 1835 3567 δίο,
1852 3493 1941 3577 ἐτάφη

296 3621 429 3686 ῦποκάτω
449 3617 530 3699 δρυός
542 3617 659 3701 Ῥωγήλ,
682 3621 797 3701 πλησίον
814 3625 863 3702 τῆς
877 3619 1033 3704 διαβάσεως
1046 3624 1104 3683 τῶν
1117 3617 1228 3684 ῦδάτων
1242 3612 1282 3682 ῶν
1296 3617 1432 3684 ἀπόλεσεν
1448 3614 1524 3702 (sic)
1539 3618 1662 3695 Ἐζεκίας
1674 3618 1772 3702 χῶσας
1787 3619 1869 3684 αῦτιὶ.
1894 3620 1941 3685 καὶ

296 3746 397 3820 όθεδς
410 3745 444 3813 τό
462 3756 572 3829 σημεῖον
590 3749 639 3812 τοῦ
657 3745 777 3828 Σιλωάμ
795 3744 841 3810 διά
860 3745 909 3812 τόν
927 3746 1070 3830 προφήτην
1089 3745 1227 3828 ἐποίησεν,
1249 3741 1292 3810 ότι
1309 3744 1365 3826 πρὸ
1382 3751 1431 3814 τοῦ
1449 3754 1550 3809 θανεῖν·
1569 3745 1731 3829 ὀλιγορήσας
1750 3744 1853 3828 ηῦξατο
1871 3758 1942 3812 πιεῖν

295 3871 378 3957 ῦδωρ,
400 3870 448 3939 καλ
466 3873 574 3946 eice-'ne
592 3873 736 3955 ἀπεστάλη
756 3873 832 3953 αὐτῷ
851 3873 881 3949 ἒξ
896 3873 989 3939 αἰτοῦ.
1011 3871 1058 3938 καὶ
1074 3872 1121 3938 διά
1134 3877 1217 3938 τοῦτο
1233 3872 1373 3956 ἐπεκλήθη
1387 3872 1517 3954 Σιλωάμ,
1537 3869 1641 3938 όέστιν
1656 3872 1871 3955 ἀπεσταλμένος.
1893 3873 1941 3939 καὶ

294 4003 416 4080 Ἐζεκίας
430 3998 475 4066 ἐπὶ
489 4005 546 4065 τῶν
560 4000 646 4084 εὐχῶν
661 4000 758 4065 τοόνου
773 4001 898 4083 ἐποίησεν
912 4001 977 4073 τοῦς
989 4001 1109 4074 λάκκους
1122 3997 1170 4066 καὶ
1184 4000 1238 4073 τάς
1249 3999 1453 4084 κολυμβήθρας.
1467 3998 1563 4082 μικρὸν
1574 3998 1628 4083 γάρ
1638 3994 1671 4082 ἦν
1680 3997 1755 4083 ῦδωρ
1766 4000 1939 4083 ἐξεληλυθός,

295 4126 342 4195 ὅτε
355 4122 388 4213 ήν
402 4128 418 4195 ό
432 4127 502 4200 λαὸς
516 4127 545 4192 ἐν
558 4132 726 4211 συγκλειομῶ
742 4128 915 4213 ἀλλοφύλων·
931 4125 979 4192 καὶ
992 4125 1039 4193 ἱνα
1052 4128 1089 4211 μή
1104 4132 1253 4211 διαφθαρῇ
1266 4122 1283 4210 v}
1297 4126 1377 4200 πόλις
1390 4124 1479 4211 ῶςμὶχ
1495 4127 1597 4211 ἔχουσα
1610 4124 1693 4209 ὕδωρ,
1709 4126 1835 4210 ἐποίησεν
1848 4132 1939 4194 τοῦτο.

333 4253 368 4276 λθ

294 4283 341 4321 και
352 4283 422 4321 οταν
436 4250 484 4320 οῦν
498 4253 614 4340 ήρχοντο
628 4256 655 4320 οἱ
668 4257 791 4338 πολέμιοι
805 4255 948 4338 ἀντλῆσαι,
963 4255 1012 4320 οῦκ
1025 4252 1123 4339 ήρχετο
1136 4251 1225 4338 ῦδωρ·
1240 4251 1310 4320 όταν
1324 4252 1488 4319 δέἸουδαῖον
1500 4251 1625 4338 ἤρχοντο,
1640 4251 1737 4338 ήρχετο
1751 4252 1799 4319 καὶ
1812 4254 1846 4319 τό
1856 4250 1938 4336 ῦδωρ.

293 4381 365 4448 ὅθεν
379 4385 431 4456 έως
444 4387 494 4448 τοῦ
508 4388 555 4448 νῦν
570 4384 706 4465 αἰφνίδιον
721 4381 858 4465 ἐξέρχεται
872 4382 904 4450 τό
918 4379 1001 4467 ῦδωρ,
1016 4380 1062 4447 ἱνα
1076 4387 1174 4465 δειχθή
1188 4381 1222 4447 τό
1235 4381 1381 4464 μυστήρων
1396 4386 1445 4446 τοῦ
1455 4385 1533 4446 θεοῦ.
1545 4378 1592 4445 καὶ
1604 4380 1695 4464 ἐπειδή
1706 4380 1753 4445 διά
1764 4379 1939 4446 τοῦἩσαὶου

293 4516 376 4576 τοῦτο
390 4512 504 4595 γέγονεν,
518 4510 624 4594 μνήμης
636 4509 718 4593 χάριν·
731 4506 779 4573 καλ
794 4507 809 4575 ό
823 4508 893 4583 λαός
906 4511 1022 4594 πλησίον
1037 4509 1122 4576 αἰτόν
1137 4509 1252 4591 ἔθαψεν
1264 4508 1390 4585 ἐνδόξως,
1406 4507 1452 4572 ἵνα
1463 4508 1509 4572 διά
1521 4513 1577 4573 τῶν
1587 4507 1674 4590 εάχῶν
1683 4506 1769 4572 αὐτοῦ
1781 4506 1827 4586 (in
1834 4529 1936 4591 marg.

293 4635 424 4702 additur
437 4634 484 4702 καὶ
498 4636 569 4719 μετά
583 4636 715 4702 θάνατον
729 4633 829 4721 αὐτοῦ)
844 4636 979 4711 ῶσαότως
995 4637 1092 4722 ἔχωσιν
1106 4636 1155 4721 τήν
1170 4636 1326 4702 ἀπόλαυσιν
1340 4639 1389 4701 τοῦ
1402 4632 1516 4708 ῦδατος,
1538 4630 1580 4700 ότι
1594 4632 1715 4716 χρησμός
1736 4634 1823 4716 ἐδόθη
1844 4633 1938 4707 αὐτοῖς

291 4763 353 4846 περὶ
372 4764 478 4830 τοῦτου.
501 4763 574 4830 ἔστιν
588 4761 617 4828 δέ
631 4763 647 4830 ὁ
662 4763 754 4847 τάφος
768 4762 884 4848 ἐχόμενα
897 4769 947 4830 τοῦ
961 4765 1054 4848 τάφου
1068 4769 1125 4829 τῶν
1138 4764 1273 4848 βασιλεῦον
1287 4760 1389 4828 ὄπιθεν
1403 4765 1452 4826 τοῦ
1466 4760 1558 4842 τάφου
1572 4764 1629 4824 τῶν
1644 4760 1736 4842 ἱερέων
1750 4757 1795 4825 ἐπὶ
1809 4760 1842 4826 τό
1855 4762 1938 4844 μέρος

291 4892 323 4958 τό
342 4891 413 4973 πρὸς
433 4892 519 4957 νότον.
542 4891 679 4974 Σολομῶν
698 4890 752 4976 γάρ
772 4893 897 4974 ἐποίησεν
915 4891 980 4964 τοῦς
997 4892 1106 4974 τάφους
1124 4895 1174 4955 τοῦ
1188 4886 1280 4955 Λαυὶδ
1298 4888 1511 4972 διαγράψαντος
1528 4885 1602 4951 κατά
1623 4885 1765 4960 ἀνατολάς
1782 4892 1832 4970 τῆς
1850 4887 1936 4962 Σιῶν,

289 5017 348 5106 ήνις
370 5020 423 5103 ἔχει
444 5017 551 5085 εἴσοδον
573 5019 632 5085 ἀπὸ
651 5019 762 5104 Γαβαῶ
786 5013 874 5104 (sic),
896 5018 1021 5101 μήκοθεν
1042 5023 1091 5101 τῆς
1111 5017 1218 5090 πόλεως
1240 5019 1370 5089 σταδίους
1390 5022 1432 5079 κ’·
1454 5012 1502 5079 καὶ
1525 5014 1650 5096 ἐποίησεν
1671 5013 1784 5083 σκολιόν
1806 5013 1937 5082 σῦνθεσιυ

390 5165 408 5221 ¹)
422 5160 476 5216 Ηίε
488 5177 588 5231 parum
602 5160 740 5217 concinne
754 5159 866 5231 scriptis
879 5159 967 5213 multo
980 5163 1107 5228 praestat
1119 5157 1237 5219 alterius
1251 5157 1358 5211 codicis
1371 5156 1521 5226 scriptura,

1599 5282 1630 5326 λδ
