4756 6194
512 383 573 447 102

617 585 710 666 Quae
726 585 813 672 apud
827 595 954 651 veteres
971 586 1016 650 de
1032 584 1214 671 epistulis
1229 583 1376 670 Abgari
1391 586 1479 671 regis
1494 584 1657 649 Edesseni
1672 593 1705 649 et
1721 582 1867 649 Christi
1887 580 2157 648 circumfereban-

510 725 575 796 tur,
601 737 640 778 ea
658 737 679 778 a
695 711 845 777 Cedreno
865 712 967 778 relata
988 723 1062 777 sunt
1080 714 1217 778 historia
1233 711 1355 778 Christi
1375 714 1536 799 exposita,
1554 713 1595 778 cf.
1611 712 1662 777 ed.
1678 712 1783 777 Paris.
1799 734 1874 799 pag.
1893 710 2157 793 1753ed.130nn.

510 866 583 929 pag.
599 842 670 906 308.
720 841 751 905 A
773 840 889 927 quibus
915 864 1013 927 quum
1036 843 1114 906 satis
1139 841 1268 906 differat
1289 850 1397 906 textus
1422 840 1579 922 chronici,
1605 842 1702 905 etiam
1723 839 1810 904 hune
1832 837 2019 904 adscribere
2040 837 2157 925 placet,

509 970 698 1057 praemissis
725 970 764 1032 iis
794 991 875 1054 quae
902 970 1015 1033 eadem
1043 968 1212 1033 Oedronus
1236 968 1298 1034 alio
1323 991 1411 1033 nexu
1434 967 1488 1054 (ef.
1512 968 1562 1032 ed.
1585 968 1688 1033 Paris.
1713 990 1787 1054 pag.
1813 969 1882 1031 191.
1904 967 1954 1050 D3
1979 966 2028 1031 ed.
2051 966 2157 1031 Bonn.

509 1120 584 1184 pag.
600 1094 687 1183 336.)
709 1105 741 1160 et
761 1098 923 1182 scriptura
941 1099 1064 1183 passim
1085 1097 1253 1161 differente
1274 1096 1314 1161 de
1334 1096 1457 1160 Tiberii
1478 1098 1565 1160 eirea
1585 1093 1709 1160 Christi
1728 1095 1884 1159 honorem
1906 1093 2012 1158 studio
2036 1104 2156 1159 narrat.

512 1226 565 1292 Διό
587 1223 634 1289 καῖ
655 1230 783 1298 Πιλάτος
806 1222 882 1308 (hoe
907 1233 1043 1288 accentu
1066 1226 1136 1311 ipso
1158 1222 1277 1310 codex)
1301 1224 1380 1298 εἰδώς
1399 1225 1484 1290 αι’τοῦ
1503 1224 1536 1290 τὸ
1554 1225 1710 1308 φιλάληθες
1727 1221 1774 1288 καὶ
1789 1225 1958 1306 φιλοδίκαιον
1972 1222 2010 1287 τά
2025 1223 2158 1304 τεράστια

510 1360 635 1436 Χριστοῦ
657 1351 753 1416 πάντα
775 1349 881 1417 καὶτὰ
903 1358 953 1437 τῆς
973 1353 1112 1438 εὐσεβείας
1136 1353 1221 1418 αῦτοῦ
1242 1354 1368 1436 δόγματα
1391 1353 1423 1417 δι’
1448 1353 1576 1434 ἐπιτομῆς
1598 1352 1803 1417 ἀνεκοινώσατο
1825 1351 1914 1431 αι’πῴ,
1937 1350 2040 1423 καθώς
2057 1352 2160 1431 ι’στυρεῖ

514 1480 697 1564 Τερτυλεανός
716 1478 732 1544 ό
752 1484 808 1543 τῶν
825 1479 987 1560 Ῥωμαῖκών
1007 1481 1097 1563 νόμων
1116 1481 1270 1565 ἐπιστήμων
1289 1482 1318 1544 ἕν
1336 1485 1369 1561 τῇ
1388 1476 1456 1563 ῦπὲρ
1474 1483 1531 1544 τών
1550 1484 1730 1561 Χριστιανῶν
1749 1479 1900 1561 ἀπολογία,
1924 1478 2029 1554 διεξιών
2048 1475 2095 1542 καί
2114 1474 2157 1543 ότι

509 1609 578 1691 μετά
594 1608 726 1672 θάνατον
742 1607 874 1690 ἀνεβίωσε
889 1605 936 1671 καί
951 1605 999 1690 ἤδη
1015 1607 1095 1689 παρὰ
1111 1614 1182 1674 πᾶσι.
1192 1609 1263 1680 θεός
1277 1610 1346 1672 εἶναι
1359 1608 1529 1681 πιστεύεται,
1549 1605 1595 1671 καλ
1611 1603 1653 1672 ότι
1672 1608 1795 1691 Τιβέριος
1812 1604 2001 1688 καταπλαγείς
2020 1605 2157 1688 ἀνήγγειλε

509 1737 605 1801 πάντα
621 1732 665 1798 ε’πλ
680 1734 728 1816 tiss
744 1733 898 1817 σόγκλητον.
913 1733 929 1817 ἦ
945 1732 973 1797 δὲ
989 1734 1020 1799 οῦ
1034 1734 1194 1817 προσήκατο
1208 1745 1386 1818 πειθαρχεῖν,
1401 1735 1476 1817 νόμην
1491 1739 1603 1813 παλαιῴ
1621 1735 1739 1817 λε’γουσα
1753 1733 1789 1817 μὴ
1804 1733 1938 1816 πρότερον
1956 1733 2161 1797 θεοποιεῖσθαί

510 1890 573 1928 τινα
587 1864 612 1926 εί
623 1860 659 1945 μίγ
674 1861 762 1943 ψήφῳ
777 1859 824 1925 καὶ
839 1862 952 1944 δόγματι
966 1861 1031 1943 παρ’
1049 1862 1134 1943 αὐτῆς
1149 1862 1293 1945 ε’γκριθεόγ.
1316 1860 1331 1928 ό
1347 1859 1376 1926 δὲ
1390 1861 1439 1927 τόν
1452 1859 1501 1943 μίν
1516 1862 1598 1944 νόμον
1612 1867 1710 1927 τοῦτον
1725 1862 1850 1938 ε’δεξατο,
1870 1861 1991 1925 ἐκέλευσε
2006 1857 2036 1924 δὲ
2053 1860 2156 1941 μηδένα

510 1992 629 2073 ἔμποδον
643 1991 771 2071 γίνεσθαι
785 1993 834 2053 τοῦ
842 1995 968 2071 Χριστοῦ
981 1994 1021 2068 τῷ
1036 1989 1194 2072 κηρίγματι,
1209 1986 1255 2052 καί
1270 1991 1319 2071 μίν
1334 2015 1362 2072 γε
1376 1988 1423 2053 καί
1438 1989 1569 2053 θάνατον
1583 1991 1784 2072 προσηπείλησε
1799 1999 1856 2061 τοῖς
1866 1998 2026 2072 κατηγορεῖν
2036 1992 2157 2069 τολμῶσι

509 2123 559 2183 τοῦ
573 2115 749 2200 κηρόγματος.
766 2113 838 2181 οῦτω
853 2121 917 2198 γοῦν
931 2120 964 2197 τῇ
979 2118 1047 2198 θείᾳ
1057 2121 1182 2199 Χριστοῦ
1197 2116 1308 2198 δυνάμει
1319 2115 1437 2198 ἀθρόως
1448 2145 1464 2198 η
1475 2115 1610 2199 σόμπασα
1624 2118 1763 2198 οἰκουροῦν]
1773 2121 1822 2198 τῆς
1830 2117 1906 2198 ἱεράς
1918 2112 1992 2198 (sie)
2004 2120 2053 2180 τοῦ
2063 2114 2155 2198 κηρῦγ-

508 2271 597 2327 ματος
607 2244 652 2308 διὰ
667 2249 716 2325 τῆς
730 2248 786 2306 τών
801 2243 966 2309 ἀποστόλων
981 2246 1162 2316 διδασκαλιάς
1176 2244 1361 2325 πεπλήρωται.
1377 2244 1406 2320 a}
1416 2238 1455 2308 ὧν
1468 2246 1614 2310 Θαδδαῖον
1625 2244 1771 2324 ε’νἘδίσση
1782 2249 1815 2325 τῇ
1826 2244 1903 2309 πόλει
1913 2241 2097 2326 κηρύσσοντος
2106 2240 2155 2306 τὸν

508 2372 601 2456 λόγον,
610 2368 634 2456 ¹)
650 2368 698 2434 καὶ
713 2369 729 2435 ό
743 2369 828 2434 ε’κεῑσε
842 2369 997 2454 τοπάρχης,
1007 2370 1150 2454 Ἇβγοιρος
1163 2369 1297 2453 τοῦνομα,
1313 2376 1391 2450 δεινοῦ
1406 2372 1497 2435 πάθει
1510 2371 1692 2453 κατεχόμενος
1705 2368 1752 2434 καί
1767 2368 1963 2454 φθειρόμειος,
1983 2369 2108 2441 ἀκοῦσας
2122 2366 2154 2433 τό

508 2498 599 2580 ὄνομα
606 2503 732 2581 Χριστοῦ
747 2495 794 2561 καὶ
809 2497 861 2569 τὰς
876 2497 1001 2580 δυνάμεις
1015 2499 1170 2580 συμφώνως
1183 2497 1238 2562 ῦπό
1253 2498 1367 2562 πάντων
1380 2500 1613 2580 μαρτυρουμείιας,
1629 2499 1717 2581 ι’κίτης
1725 2503 1850 2580 Χριστοῦ
1863 2495 1909 2562 διὰ
1920 2495 2155 2580 γραμματηφόροι)

511 2630 626 2709 γίνεται,
650 2626 736 2701 άξαῦν
755 2629 803 2706 της
821 2624 904 2689 νόσου
922 2635 1010 2707 τυχεῖν
1030 2625 1207 2709 ἀπαλλαγήν,
1231 2626 1347 2708 γράψας
1362 2626 1407 2689 διά
1422 2653 1495 2698 τινος
1507 2626 1638 2689 Ἀνανίου
1652 2625 1824 2709 ταχυδρόμου
1839 2626 1878 2697 είς
1889 2622 2066 2708 Ἰερουσαλὴμ
2079 2622 2154 2688 τάδε.

511 2752 669 2837 ,Ἅβγαρος
678 2752 820 2835 τοπάρχης
832 2751 920 2833 Ἰησοῦ
935 2757 1036 2835 σωτῆρι
1055 2752 1161 2835 ἀγαθοῦ
1181 2753 1352 2835 ἀναφανίντι
1367 2753 1394 2816 ε’ν
1407 2751 1584 2835 Ἰερουσαλὴμ
1600 2754 1712 2835 χαίρειν.
1740 2750 1899 2817 Ἦκοισταί
1909 2780 1955 2835 μοι
1968 2748 2029 2834 περὶ
2044 2756 2095 2817 σοῦ
2108 2748 2157 2816 καὶ

512 2886 569 2945 τών
583 2885 641 2944 σοῖν
656 2877 783 2960 ἰαμάτων
797 2877 837 2950 ώς
851 2876 917 2942 ἄνευ
931 2879 1087 2961 φαρμάκων
1102 2877 1149 2943 καῖ
1163 2880 1289 2963 βοτάναι·
1303 2879 1358 2945 ῦπό
1375 2885 1425 2944 σοῦ
1444 2880 1597 2963 γινομένων.
1616 2878 1656 2952 ais·
1672 2879 1726 2962 γάρ
1745 2881 1833 2964 λόγος,
1852 2879 1973 2962 τυφλοὺς
1992 2880 2156 2963 ἀναβλέπειν

509 3018 596 3078 ποιεῖς
613 3003 660 3070 καὶ
678 3005 785 3088 χωλοὺς
802 3016 975 3086 περιπατεῖν,
998 3004 1045 3069 καὶ
1062 3006 1179 3087 λεπροὺς
1197 3008 1362 3089 καθαρίζεις
1382 3005 1429 3071 καὶ
1450 3007 1608 3088 ἀκάθαρτα
1630 3007 1775 3088 πνεῦματα
1797 3007 1947 3090 ἐκβάλλεις,
1971 3003 2018 3070 καὶ
2040 3006 2105 3078 τοὺς
2127 3006 2155 3068 ἐν

509 3135 680 3216 μακρονοσίᾳ
695 3133 927 3215 βασανιζομίνους
941 3133 1107 3216 θεραπεύεις
1120 3131 1167 3198 καί
1182 3134 1292 3216 νεκροὺς
1310 3133 1425 3216 ε’γείρεις.
1448 3132 1521 3217 άπερ
1541 3134 1665 3208 ἀκούσας
1683 3135 1758 3199 κατά
1778 3139 1841 3200 νοῦν
1860 3135 1962 3217 ε’θεμιγν
1979 3139 2037 3198 τών
2055 3132 2104 3198 δῦυ
2122 3133 2155 3198 τό

509 3262 612 3343 ἕτερον’
635 3289 650 3342 η
666 3257 709 3324 ότι
723 3259 758 3324 σὺ
772 3259 825 3325 sid
841 3259 911 3332 θεὸς
926 3259 973 3323 ἀπ’
995 3259 1114 3340 οὐρανοῦ
1133 3260 1275 3343 καταβάς,
1297 3257 1313 3342 ἢ
1331 3258 1390 3333 υἱός
1408 3261 1539 3345 ῦπάρχεις
1557 3267 1606 3327 τοῦ
1625 3267 1696 3327 θεοῦ
1713 3268 1801 3327 ποιοῦν
1818 3268 1917 3327 ταῦτα.
1943 3261 1989 3326 διὰ
2008 3265 2090 3325 τοῦτο
2108 3254 2156 3324 οῦν

507 3387 626 3471 γράψας
640 3386 710 3463 ἀξιοῖ
727 3387 821 3451 ἐλθεῖν
835 3412 866 3451 σε
880 3387 950 3469 πρός
962 3413 995 3469 με
1012 3381 1071 3471 (ita
1088 3384 1206 3470 codex)
1222 3384 1270 3450 nai
1289 3387 1322 3453 τό
1342 3389 1454 3472 συνίχυν
1472 3415 1505 3471 με
1525 3390 1623 3462 πάθος
1641 3394 1825 3472 θεραπεῦσαι..
1850 3386 1898 3454 καί
1917 3388 1971 3473 γάρ
1989 3386 2094 3472 ἦκουσα
2112 3384 2155 3453 ότι

507 3514 757 3598 καταγογγῦζουσό
774 3509 863 3598 [σουλ]
879 3515 1006 3578 Ἰουδαῖοι
1020 3511 1067 3577 καὶ
1080 3514 1229 3598 βούλονταί
1243 3541 1274 3579 σε
1294 3521 1433 3580 κακῶσαι·
1457 3516 1535 3589 πόλις
1553 3518 1586 3580 δέ
1600 3543 1647 3599 μοι
1663 3516 1812 3600 μακροτάτη
1833 3518 1918 3590 ἐστίν,
1940 3513 2000 3599 ἥτις
2017 3515 2155 3598 ἐξαρκέσει

508 3643 704 3725 ἀμφοτέροιςί*
732 3640 764 3706 ‘0
780 3629 809 3705 d
823 3642 912 3722 κόριος
928 3641 1064 3725 ἀναγνοὺς
1078 3646 1168 3706 ταῦτα
1185 3642 1345 3726 ἀντιγράφει
1359 3643 1429 3726 πρός
1444 3639 1528 3708 αἰτόν
1546 3641 1627 3712 υῦτω.
1659 3643 1830 3727 ,Μακάριος
1847 3643 1863 3709 ό
1881 3644 2031 3717 πιστείσας
2050 3643 2078 3707 ἐν
2097 3640 2156 3725 ἐμοὶ

509 3768 562 3834 κάν
576 3767 613 3852 μίγ
628 3769 749 3850 ἑώρακεν
763 3795 803 3850 με.
827 3767 888 3851 περὶ
903 3767 931 3832 δὲ
947 3763 980 3834 οῦ
994 3770 1124 3852 ἔγραψας
1138 3770 1231 3833 ε’λθεῖν
1244 3795 1277 3851 με
1285 3769 1357 3854 πρὸς
1369 3772 1404 3836 σε’
1414 3766 1496 3854 (ita),
1513 3772 1574 3836 δίον
1587 3769 1644 3837 ε’στί
1655 3777 1800 3854 πληρώσαι
1811 3770 1908 3835 πάιτιι
1919 3771 1950 3835 δι’
1965 3768 2156 3852 άάπεστάλην

507 3897 637 3961 ἐνταῦθα
652 3893 699 3959 καῖ
715 3896 916 3978 ἀναληφθῆναι
930 3896 1001 3976 πρός
1015 3896 1063 3962 τὸν
1079 3896 1287 3961 ἀποστείλαντά
1302 3924 1342 3979 με.
1362 3895 1409 3962 καὶ
1428 3895 1516 3970 οῦτως
1535 3898 1682 3964 ἀποστελεῖ
1700 3926 1745 3965 σοι
1762 3898 1825 3963 τινά
1846 3895 1922 3982 (sic)
1941 3904 1998 3963 τών
2016 3902 2156 3979 μαθητῶν

506 4051 571 4105 μου,
591 4020 639 4086 καὶ
658 4021 772 4087 ἰάσεταί
786 4048 836 4087 σου
855 4021 887 4086 τό
903 4023 1014 4095 πάθος,
1035 4020 1081 4086 καὶ
1098 4023 1169 4106 ζωὴν
1183 4021 1227 4088 σοί
1242 4021 1288 4087 καί
1304 4035 1362 4097 τοῖς
1377 4024 1426 4089 σὺν
1440 4023 1484 4090 σοί
1499 4027 1640 4107 παρεξει.“
1666 4027 1792 4099 Ταίτιας
1806 4020 1853 4091 οῦν
1868 4036 1931 4098 ταῖς
1945 4026 2103 4098 ἐπιστολαῖς
2117 4024 2156 4089 ἔτι

506 4148 660 4216 καὶταῦτα
675 4154 796 4231 συνῆπτο
815 4155 848 4231 τη
869 4155 924 4213 τών
939 4150 1040 4231 ἑώρων
1058 4154 1138 4233 φωνῇ
1157 4153 1304 4216 Θαδδαίου
1322 4151 1483 4234 πράξαντος
1500 4154 1570 4234 μετὰ
1590 4153 1639 4236 sija
1660 4153 1802 4236 ἀνάληψιν
1819 4158 1869 4218 τοῦ
1886 4155 1986 4234 κυρίου.
2013 4151 2047 4219 'O
2065 4154 2155 4216 τοίνυν

500 4277 643 4363 ’Ἁβγιιρος
658 4277 782 4349 ἀκοῦσας
796 4276 845 4359 τίγν
860 4276 1004 4361 ἐπιστολὴν
1018 4279 1111 4359 κυρίου
1123 4282 1229 4360 μᾶλλον
1243 4279 1282 4350 είς
1295 4279 1391 4343 πόθον
1405 4278 1452 4344 καὶ
1467 4281 1559 4344 πίστιν
1573 4280 1683 4363 ίξηφθη
1697 4283 1824 4363 μείζονα,
1839 4278 1886 4345 καί
1899 4277 1954 4343 κάν
1969 4279 1997 4342 ίν
2011 4279 2093 4344 είκόνι
2106 4278 2155 4344 τόν

506 4406 632 4488 Χριστόν
645 4405 730 4488 μόνον
744 4404 917 4468 θεάσασθαι
930 4407 992 4468 λίαν
1007 4403 1145 4486 ε’φιίμενος
1160 4405 1322 4471 ἀποστελλει
1337 4406 1484 4489 ζωγράφου
1500 4404 1572 4471 ώστε
1587 4406 1620 4473 τό
1635 4416 1716 4471 θεῖον
1734 4409 1806 4479 εἶδος
1825 4408 1926 4472 ἐκείνου
1941 4407 2155 4490 διαχαράξανια

504 4533 575 4616 πρός
594 4532 681 4598 αι’πόν
699 4533 817 4613 κομίζειν
836 4530 875 4604 ὡς
889 4534 1017 4613 ταχίστα,
1033 4536 1081 4595 τοῦ
1096 4529 1125 4594 δὲ
1140 4538 1349 4615 διαμιιρτώιτος
1365 4530 1441 4618 (sie)
1458 4538 1507 4599 τοῦ
1522 4532 1627 4599 σκόπου
1642 4533 1688 4597 διά
1703 4533 1753 4617 την
1766 4534 1994 4619 ιἰπερβάλλωυσαν
2007 4539 2057 4598 τοῦ
2071 4559 2154 4615 προσ-

504 4660 582 4725 ώπου
595 4660 676 4742 χάριν
691 4686 720 4723 τε
735 4657 781 4722 καί
796 4659 987 4741 λαμπρότητα,
1003 4657 1088 4731 αὐτὸς
1102 4664 1142 4738 aqi
1156 4660 1246 4739 οίκείῳ
1260 4659 1403 4742 προσώπου
1417 4658 1523 4742 ὀθόνην
1539 4658 1647 4734 ἐπιθείς
1662 4661 1846 4744 ε’ναπομάττει
1860 4662 1893 4727 τὸ
1908 4663 2008 4726 ἑαυτοῦ
2026 4660 2153 4744 ὁμοίωμα

504 4787 551 4852 καὶ
567 4789 696 4869 ε’κπίμπει
710 4792 750 4866 τῷ
763 4788 857 4868 ι’ριῦντι
872 4784 903 4851 τό
919 4785 1102 4868 ποθούμενον.
1139 4784 1201 4850 Καὶ
1215 4789 1306 4868 μέντοι
1320 4784 1367 4850 καί
1381 4787 1437 4869 πρὸ
1452 4788 1549 4852 τοῦτον
1563 4789 1647 4853 πάλιν
1661 4789 1803 4872 ἱστόρηκα
1816 4788 1965 4863 ώσαότως,
1981 4785 2024 4854 ὅτι
2038 4814 2090 4870 περ
2104 4792 2154 4852 τοῦ

503 4918 594 4997 κυρίου
612 4915 761 4997 τεχθέντος
786 4914 814 4978 ἕν
836 4910 970 4995 Βηθλεὲμ
989 4912 1004 4977 ό
1024 4917 1079 4976 τών
1100 4919 1222 4996 Περσῶν
1239 4914 1366 4997 βασιλεὺς
1388 4914 1473 4997 είφυη
1492 4914 1554 4979 τινὰ
1575 4915 1721 4998 ζωγράφον
1745 4917 1911 4998 ἐξέπεμψεν,
1938 4915 1970 4989 ὃς
1987 4915 2036 4998 τίγν
2055 4940 2085 4979 τε
2103 4916 2153 4979 τοῦ

572 5101 588 5160 ¹)
607 5095 686 5149 Haec
703 5112 796 5150 rerum
814 5096 976 5150 coniunctio
996 5096 1131 5166 vulgatae
1149 5105 1274 5152 veterum
1294 5097 1441 5153 traditioni
1457 5115 1557 5168 parum
1575 5100 1715 5155 convenit.
1751 5099 1849 5169 Ipsum
1869 5099 1944 5155 enim
1961 5097 2152 5154 Thaddseum

504 5179 634 5233 Christus
647 5180 685 5232 ad
697 5180 843 5252 Abgarum
857 5181 968 5250 legasse
982 5181 1093 5234 dieitur.
