4756 6194
978 424 1153 487 SYRIAOI.
1181 425 1364 487 ARABIOI.

1120 678 1214 760 XV.

453 862 485 949 1)
508 863 603 929 Folia
621 863 869 929 membranacea
888 863 1142 950 palimpsesto
1160 864 1241 946 52²³)
1261 864 1295 928 in
1314 864 1362 946 4⁰,
1386 866 1494 951 priore
1516 866 1678 952 scriptura
1698 864 1720 930 S
1727 868 1871 953 yriaca,
1888 867 1991 933 altera

343 990 549 1057 Armeniaca.
580 990 788 1078 Syriacarum
808 990 988 1056 litterarum
1010 993 1134 1057 formae
1155 993 1212 1056 vix
1234 990 1312 1056 alibi
1330 1001 1478 1078 repertae
1494 1014 1653 1056 summam
1672 994 1895 1079 antiquitatem
1914 1018 1989 1080 pro-

345 1120 433 1184 dunt.
477 1119 531 1183 Ex
555 1119 716 1183 sententia
737 1119 881 1182 virorum
901 1119 1079 1204 scripturae
1101 1117 1265 1183 orientalis
1285 1120 1464 1204 peritorum
1483 1120 1666 1204 fragmenta
1683 1118 1765 1185 haec
1784 1121 1826 1185 ad
1842 1123 1988 1207 quintum

343 1247 413 1311 fere
435 1246 600 1311 saeculum
621 1245 796 1311 referenda
818 1256 901 1310 sunt.
951 1244 1044 1326 Quae
1068 1245 1235 1331 hucusque
1249 1245 1334 1317 lecta
1351 1256 1442 1328 sunt,
1465 1246 1507 1311 ad
1528 1248 1828 1334 interpretationem
1850 1270 1988 1334 evange-

342 1372 459 1437 liorum
478 1374 641 1460 pertinent
659 1373 826 1459 hucusque
850 1374 1058 1458 incognitam.
1101 1372 1230 1438 Folium
1249 1372 1370 1459 duplex
1391 1375 1571 1437 recentiore
1592 1375 1754 1461 scriptura
1773 1398 1839 1439 non
1854 1398 1988 1463 cooper-

343 1510 411 1564 tum
431 1524 451 1565 a
468 1500 573 1595 tribus
594 1499 715 1564 ultimis
730 1499 839 1565 verbis
854 1500 935 1565 Luc.
953 1500 1002 1582 18,
1017 1499 1069 1564 43.
1084 1500 1199 1586 incipit
1213 1510 1245 1565 et
1260 1502 1327 1564 exit
1343 1500 1391 1582 19,
1408 1500 1436 1563 8.
1480 1501 1541 1564 His
1558 1523 1600 1565 ex
1614 1503 1728 1588 paucis
1743 1502 1892 1567 versibus
1909 1505 1988 1568 satis

342 1626 540 1692 intellectum
559 1635 609 1690 est
627 1628 813 1713 interpretis
832 1628 1009 1712 ingenium.
1050 1627 1084 1692 Is
1101 1629 1196 1711 enim,
1212 1650 1231 1692 a
1245 1636 1337 1691 textu
1352 1649 1448 1712 quem
1461 1627 1651 1694 Peschittho
1667 1627 1765 1715 vulgo
1781 1639 1900 1694 vocant
1914 1653 1988 1717 pro-

342 1754 507 1837 ficiscens,
526 1764 596 1818 tota
609 1765 716 1818 mente
732 1754 766 1817 in
780 1754 815 1819 id
829 1753 1050 1836 incumbebat,
1071 1764 1106 1819 ut
1121 1752 1249 1819 Graeca
1265 1776 1361 1839 quam
1376 1753 1564 1819 fidelissime
1580 1755 1743 1838 redderet,
1767 1757 1868 1821 invito
1884 1758 1987 1842 ipsius

344 1880 445 1968 Syrae
460 1880 590 1966 linguae
605 1882 747 1966 ingenio.
791 1881 878 1945 Hinc
897 1882 1030 1947 nomina
1042 1882 1177 1969 propria
1190 1881 1349 1946 Iohannis
1366 1891 1398 1946 et
1411 1881 1492 1946 Jesu
1507 1905 1572 1947 non
1588 1882 1749 1947 Semiticis
1765 1883 1888 1965 formis,
1906 1905 1988 1970 quae

342 2007 532 2095 placuerant
552 2009 658 2095 primo
683 2009 860 2095 interpreti,
883 2008 943 2073 sed
960 2008 1049 2091 Jsos,
1072 2007 1208 2074 Jllhanis
1231 2009 1391 2091 reddidit,
1413 2007 1590 2074 verborum
1613 2010 1760 2076 ordinem
1783 2012 1817 2075 in
1837 2013 1988 2076 versione

342 2134 530 2200 Pesohittho
553 2134 731 2222 paullulum
753 2137 956 2201 immutatum
978 2145 1129 2201 accurate
1152 2135 1195 2200 ad
1217 2135 1316 2200 fidem
1339 2135 1500 2201 Graecam
1522 2137 1677 2219 restituit,
1708 2136 1881 2220 vocabula,
1905 2162 1988 2225 quae

342 2285 407 2327 non
431 2264 551 2348 optime
571 2263 766 2328 videbantur
781 2261 915 2350 Syriaca
935 2264 1017 2326 verti
1036 2285 1143 2348 posse,
1167 2263 1240 2348 ipsa
1254 2264 1395 2345 retinuit,
1419 2274 1454 2328 ut
1473 2263 1986 2350 0011110001οοχ1001100.19,3.

341 2388 395 2453 Ex
415 2388 466 2453 his
483 2389 640 2477 exemplis
665 2389 786 2455 clarum
809 2391 870 2454 erit
891 2389 972 2454 haec
991 2390 1174 2474 fragmenta
1195 2391 1328 2454 maximi
1347 2390 1501 2456 faciunda
1520 2413 1592 2455 esse
1612 2394 1735 2477 paritor
1749 2390 1848 2478 Syras
1863 2391 1987 2458 litteras

342 2528 437 2603 atque
460 2539 530 2582 rem
545 2517 632 2582 Novi
646 2517 846 2581 Testamenti
865 2518 1011 2581 criticam
1028 2519 1189 2582 tractanti.
1236 2516 1333 2581 Certe
1348 2519 1434 2582 enim
1448 2519 1482 2582 in
1495 2540 1532 2582 10
1548 2519 1669 2600 critica,
1692 2541 1791 2604 quum
1805 2542 1865 2606 pro
1881 2530 1987 2584 aetate

343 2669 406 2732 qua
421 2647 544 2732 scripta
559 2656 643 2727 sunt,
658 2654 727 2708 tum
741 2666 802 2730 pro
817 2646 943 2709 ratione
959 2667 1022 2730 qua
1036 2645 1196 2731 interpres
1213 2644 1313 2731 Syrus
1335 2644 1377 2709 ad
1394 2643 1557 2710 Graecum
1570 2655 1694 2710 textum
1711 2669 1745 2710 se
1762 2646 1985 2730 conformavit,

342 2773 456 2838 eodem
479 2772 552 2837 loco
575 2771 728 2859 ponenda
749 2781 825 2835 sunt
846 2794 920 2836 cum
942 2771 1079 2836 testibus
1105 2770 1240 2836 Graecis
1262 2773 1384 2836 nostris
1406 2773 1619 2857 gravissimis.
1668 2773 1750 2838 Sunt
1771 2774 1805 2836 in
1826 2772 1876 2837 his
1899 2773 1986 2837 foliis

342 2923 423 2986 quae
439 2922 537 2985 aegre
553 2898 618 2984 legi
634 2909 766 2984 queant,
791 2897 850 2962 scd
865 2909 959 2963 caute
974 2897 1127 2963 adhibitis
1143 2899 1297 2963 chemicis
1312 2899 1409 2984 longe
1424 2899 1563 2986 plurima
1577 2901 1704 2964 restitui
1719 2909 1880 2986 poterunt.

445 3025 479 3113 2)
502 3025 597 3091 Folia
619 3024 867 3090 membranacea
889 3025 1141 3113 palimpsesto
1164 3026 1313 3091 undecim
1337 3029 1371 3091 in
1393 3028 1441 3110 4⁰,
1465 3029 1658 3114 perantiqua
1680 3029 1822 3115 etipsa,
1846 3030 1986 3114 primurn

341 3155 500 3242 Syriaco
517 3156 648 3240 scripta,
663 3152 951 3240 postArmoniaoe.
975 3153 1110 3240 Syriaca
1121 3176 1187 3218 non
1199 3163 1275 3218 sunt
1290 3152 1400 3219 biblici
1414 3157 1605 3240 argumenti,
1623 3155 1681 3220 sod
1696 3166 1811 3220 neutra
1826 3157 1987 3243 scriptura

340 3283 522 3347 accuratius
538 3281 693 3365 indagata
708 3291 767 3344 est.

444 3408 478 3495 3)
502 3407 597 3472 Folia
612 3407 676 3472 duo
692 3406 952 3490 membranacea,
977 3408 1122 3473 eiusdem
1138 3419 1173 3473 ut
1187 3408 1316 3473 videtur
1331 3409 1453 3474 codicis
1469 3408 1655 3475 Armeniaci
1670 3421 1779 3496 partes
1796 3421 1892 3495 atquo
1908 3410 1986 3475 folia

340 3535 551 3622 palimpsesta
565 3557 604 3599 ea
619 3534 659 3598 de
676 3533 792 3620 quibus
808 3535 905 3599 modo
921 3534 1044 3600 dictum
1059 3547 1118 3618 est,
1132 3537 1197 3600 nisi
1212 3536 1299 3622 quod
1314 3559 1379 3600 non
1394 3536 1515 3601 habent
1530 3538 1745 3623 antiquiorem
1761 3539 1963 3623 scripturam.

1102 3756 1218 3838 XVI.

445 3940 478 4027 1)
503 3941 619 4007 Codex
641 3942 907 4007 membranaceus
923 3942 1116 4008 Arabicus
1138 3943 1291 4009 foliorum
1314 3942 1355 4008 75
1374 3943 1409 4006 in
1430 3942 1486 4008 fol.
1507 3945 1582 4006 min.
1600 3944 1768 4031 Scriptura
1789 3954 1821 4008 et
1843 3947 1986 4011 maxima

340 4070 501 4156 elegantia
524 4079 574 4134 est
596 4079 628 4133 et
648 4070 775 4134 ratione
797 4072 1036 4156 antiquissima:
1068 4073 1254 4157 proximum
1278 4072 1364 4135 enim
1391 4094 1411 4134 a
1431 4070 1550 4135 Kufica
1573 4073 1735 4158 scriptura
1756 4071 1863 4136 locum
1886 4083 1983 4153 tenet,

339 4199 469 4284 punctis
485 4197 661 4263 diacriticis
676 4219 810 4282 perraro
829 4200 935 4284 prima
949 4222 1048 4263 manu
1062 4198 1192 4263 additis.
1235 4199 1432 4264 Litterarum
1447 4196 1663 4262 Arabicarum
1678 4198 1758 4262 nihil
1772 4198 1861 4263 aliud
1876 4209 1984 4264 tantae

338 4325 536 4412 antiquitatis
564 4326 746 4389 innotuisse
772 4326 902 4391 videtur
929 4327 990 4390 nisi
1022 4326 1225 4413 syngraphus
1253 4325 1305 4390 ille
1332 4348 1536 4413 papyraceus
1559 4328 1593 4389 in
1615 4348 1709 4390 usum
1730 4327 1983 4412 peregrinaturis

339 4451 460 4517 saeculi
474 4474 507 4537 p.
524 4450 601 4515 0111.
618 4453 726 4517 octavi
741 4454 880 4539 scriptus
903 4450 957 4537 (de
980 4476 1043 4539 quo
1060 4452 1215 4518 Silvestre
1232 4453 1272 4517 de
1288 4451 1373 4540 Sacy
1388 4455 1552 4540 exposuit,
1572 4454 1613 4517 cf.
1628 4452 1801 4517 Memoires
1819 4452 1983 4518 d’histoire

340 4579 380 4643 de
395 4577 574 4644 litterature
590 4579 745 4644 orientale
760 4604 791 4666 p.
809 4582 850 4645 to
866 4578 950 4666 sqq.)
968 4602 1041 4644 cum
1057 4582 1172 4645 ceteris
1189 4602 1271 4666 quae
1287 4590 1399 4644 nostra
1415 4582 1570 4645 memoria
1584 4591 1733 4666 repertae
1749 4589 1824 4644 sunt
1838 4579 1983 4666 reliquiis

340 4706 514 4771 earundem
539 4705 719 4771 litterarum
747 4709 949 4794 papyraceis.
1001 4706 1159 4794 Ejusdem
1181 4709 1266 4772 enim
1289 4709 1396 4772 octavi
1417 4706 1538 4772 sacculi
1557 4706 1755 4789 Fleischero,
1777 4707 1848 4771 viro
1867 4705 1984 4771 Arabi·

338 4855 447 4897 carum
469 4831 648 4897 litterarum
672 4843 707 4898 ut
729 4843 856 4900 constat
877 4834 973 4920 longe
995 4836 1209 4922 peritissime,
1234 4834 1338 4899 codex
1361 4845 1473 4899 noster
1491 4835 1580 4897 visus
1604 4829 1727 4918 est**).
1778 4831 1832 4896 Ad
1853 4833 1983 4899 laudem

438 4969 460 5029 *1
480 4964 754 5039 Quinquagesimum
767 4967 882 5023 tertium
895 4968 996 5024 folium
1007 4969 1064 5024 iam
1075 4969 1234 5023 indicatum
1247 4974 1291 5023 est
1303 4985 1388 5038 supra
1400 4969 1453 5022 sub
1466 4966 1545 5019 XIII.
1558 4966 1582 5019 2.
1594 4965 1699 5035 triplici
1712 4966 1853 5036 scriptura
1863 4966 1982 5038 insigne.

427 5064 461 5121 ”l
486 5058 529 5114 Cf.
549 5058 715 5114 Zeitsehrift
737 5062 788 5116 der
804 5061 971 5117 Deutsehen
992 5061 1278 5132 morgenlitndischon
1295 5060 1497 5115 Gesellsehaft.
1515 5059 1599 5113 Band
1616 5059 1695 5114 VIII.
1716 5058 1744 5114 S.
1762 5058 1916 5114 ose-587.
1933 5061 1984 5116 ubi

340 5143 366 5194 S.
381 5142 449 5197 l'en.
462 5142 611 5198 Fleischer
629 5143 705 5199 huno
722 5145 852 5200 codicem
871 5164 928 5200 una
946 5165 1009 5201 eum
1024 5147 1116 5200 tribus
1135 5148 1253 5220 reliquis
1271 5146 1439 5219 fragmentis
1453 5144 1594 5213 Arabicis,
1608 5143 1761 5216 dequibus
1775 5143 1850 5199 infra
1863 5146 1982 5214 dicetur,

339 5225 475 5282 describit
487 5236 515 5283 01
527 5229 659 5298 illustrat,
677 5230 782 5285 additis
796 5231 881 5286 etiam
893 5232 1032 5287 accuratis
1045 5231 1203 5302 scripturae
1216 5230 1426 5302 speciminibus.
