4756 6194
1854 458 1895 523 at

257 655 380 720 Versus
400 655 494 721 alteri
504 656 597 724 Ὄσσα
615 655 677 740 περὶ
697 667 819 741 χρωτοῖο
837 664 897 721 etc.
920 655 1019 720 iidem
1040 666 1115 721 sunt
1134 678 1215 743 quos
1230 655 1426 724 Matthaeius
1447 682 1489 723 ex
1502 658 1605 724 Mose.
1626 660 1697 725 cod.
1713 661 1733 725 l.
1749 660 1769 725 l.
1785 661 1848 726 vol.
1864 662 1893 725 2.

257 805 288 869 p.
305 781 334 846 8.
357 790 389 846 et
409 785 481 869 ipse
505 805 546 848 cx
568 782 639 848 cod.
658 781 766 847 Cahir.
789 780 812 848 l.
825 781 846 847 l.
868 780 1037 848 edidimus.
1073 785 1205 849 Rectius
1224 786 1259 850 in
1276 787 1397 850 nostris
1413 795 1463 851 est
1477 787 1618 855 ἐδίδασκεν
1632 810 1729 873 quam
1742 789 1777 853 in
1790 787 1893 854 Mose.

257 911 388 988 ἐδίδαξεν.
431 908 537 974 Alteri
551 932 629 975 vero
645 910 693 975 sic
708 908 841 975 habent:

345 1046 414 1112 Τὶόν
429 1047 541 1129 Πέτρον
554 1046 603 1113 τόν
620 1047 741 1129 Μάρκον
754 1045 771 1129 ἡ
785 1049 854 1111 θεία
867 1046 947 1130 χάρις
1193 1048 1240 1124 Ἐξ
1254 1042 1287 1112 οῦ
1299 1046 1416 1131 μνηθεὶς
1429 1053 1486 1114 των
1499 1050 1754 1134 θεοπρεπεστάτων

345 1167 468 1248 Τίθησνν
483 1163 568 1248 άδδην
582 1165 792 1250 ἀρραηεστάτην
806 1166 911 1247 πέτραν
1189 1164 1295 1250 Ἔργων
1306 1166 1403 1249 Ἰησοῦ,
1426 1169 1572 1232 σκεπτνται
1585 1168 1618 1234 τό
1631 1172 1741 1254 βιβλίον,

340 1285 475 1367 Κρηπίδα
489 1280 536 1348 καὶ
550 1287 692 1367 σφραγῖδα
706 1287 756 1366 τῆς
769 1283 921 1365 indagatae,
1196 1283 1264 1350 Yiba
1278 1289 1350 1350 θεοῦ
1363 1285 1413 1351 τὸν
1427 1285 1552 1369 Χριστόν
1566 1287 1597 1351 ἐκ
1609 1289 1759 1370 προοηνόων

339 1401 542 1486 Εὐαγηελνστῦην
556 1402 681 1486 δεότερον
695 1399 839 1485 θεηγόρον,
1191 1407 1342 1486 Λαμπρῶς
1355 1402 1492 1469 διδάσκων
1505 1402 1553 1470 καὶ
1566 1408 1663 1487 σοφοῖς
1676 1405 1856 1489 ἀναγράφων.

337 1551 578 1619 FiniturMarci
592 1552 796 1639 evangelium
812 1551 956 1618 secundo
972 1550 1050 1617 folio
1070 1554 1289 1639 quaternionis
1304 1563 1338 1619 θ’
1358 1553 1549 1641 subscriptis
1565 1577 1699 1621 numero
1715 1556 1891 1622 stichorum

254 1709 311 1766 ,αχ,
327 1691 359 1744 et
373 1681 482 1746 verbis
497 1680 563 1745 bis:
586 1682 619 1747 τό
632 1680 708 1746 κατὰ
725 1681 821 1764 Μάρκ
837 1678 916 1766 ἄγων
930 1681 1020 1766 ω’·αγγ.
1035 1682 1153 1765 ἐξεδόθη
1167 1681 1238 1765 μετὰ
1250 1681 1365 1765 χρόνους
1379 1684 1448 1754 δέκα
1463 1687 1512 1766 τῆς
1525 1691 1582 1767 Χρ.
1598 1684 1773 1768 ἀναλήψεως.
1791 1683 1890 1749 Prae-

254 1809 363 1872 missis
385 1805 487 1872 titulis
510 1807 560 1886 69,
584 1806 705 1893 duplici
727 1808 870 1872 carmine
894 1817 927 1874 et
947 1808 1089 1893 imagine
1109 1807 1230 1892 Lucae,
1253 1828 1337 1894 quae
1359 1807 1521 1874 simillima
1538 1809 1642 1874 Marci
1665 1819 1723 1893 est,
1747 1811 1892 1897 sequitur

253 1936 343 2020 ainyy.
358 1933 403 2020 ἄν.
418 1963 480 2000 κατ.
495 1942 568 2000 toan
611 1934 774 1999 Vcrsuum
790 1955 871 2020 quos
886 1935 1027 2001 diximus
1043 1933 1136 2019 alteri
1151 1959 1171 2000 a
1183 1934 1361 2002 Matthaeio
1375 1934 1395 2000 l.
1411 1935 1431 2001 l.
1447 1936 1511 2002 vol.
1526 1938 1557 2003 3.
1571 1959 1603 2024 p.
1622 1937 1670 2002 11.
1687 1946 1720 2002 et
1733 1962 1754 2004 a
1769 1961 1821 2003 mc
1835 1937 1855 2003 1.
1870 1936 1890 2002 1.

254 2060 332 2127 editi
352 2071 440 2127 sunt:
464 2061 572 2127 differt
588 2062 770 2137 Ἀθαναίων,
788 2061 890 2127 Mose.
908 2058 1227 2146 ueaaaojcahu.
1245 2062 1344 2151 idque
1362 2063 1478 2129 melius
1490 2065 1673 2140 Ἀθάνατονς
1693 2067 1772 2130 item
1790 2067 1891 2150 ἐμίχθη

253 2191 287 2252 in
301 2199 413 2254 nostro
430 2198 462 2254 et
478 2187 587 2254 Cahir.
604 2211 663 2275 pro
679 2189 792 2273 ἐδείχθη
805 2189 840 2254 in
852 2186 956 2253 Mose.
970 2185 1075 2257 Alteri
1089 2199 1181 2257 sunt:

336 2347 419 2426 Ζωης
432 2341 482 2408 τόν
496 2341 582 2425 άρτον
596 2342 722 2425 Χριστόν
734 2342 881 2426 νἠξιωμενος
1188 2343 1293 2429 Λόγων
1307 2345 1431 2417 άκοῦσας
1444 2345 1537 2427 ε’κμνεῖ
1545 2347 1683 2428 θεωρίαν·

340 2465 455 2545 (baysio,
477 2465 570 2544 ταφῆς
583 2460 741 2543 λάμψαντα
753 2464 804 2544 τῆς
816 2462 966 2546 τροημερον,
1192 2460 1429 2536 ΟἷωνόΛονκνῐς
1442 2462 1549 2547 εῦτοχεῖ
1558 2464 1740 2538 δνδασκάδωνν,

225 2593 231 2601 ’
336 2579 538 2664 Εῦαγηεδνστὴς
551 2579 677 2664 τυγχάνει
690 2582 809 2653 Λονκοῖς
821 2581 922 2662 τρίτος,
1190 2576 1289 2655 Οῦνως
1302 2579 1416 2646 ἄνωθεν
1430 2575 1510 2654 ositos
1522 2581 1712 2666 νἠκριβωμὲνος,

332 2694 369 2762 Ὦ
384 2703 503 2771 Παῦλος
517 2697 602 2771 αἰτός
615 2698 733 2782 οῦρανόν
747 2698 870 2782 φθάσας
883 2701 984 2781 τρίτον,
1190 2700 1239 2767 Τά
1252 2709 1322 2765 θεῖα
1336 2703 1424 2773 θείως
1436 2701 1542 2784 ἱστορεῖ
1551 2702 1723 2784 δεδειγμεῦος,

335 2817 398 2883 Καὶ
411 2817 461 2901 τὴν
476 2815 590 2882 ἄνωθεν
604 2823 661 2882 νοῦν
673 2815 742 2900 ὑπὲρ
755 2822 820 2882 νοῦν
834 2814 882 2881 κατ’
895 2817 976 2901 λόγον
1185 2818 1292 2902 Ῥότωρ
1305 2820 1464 2902 πνρότνονς,
1486 2818 1633 2902 πάνσοφος
1645 2817 1788 2903 θεηηόρος.

354 2969 481 3053 Evang.
496 2968 607 3033 Lucae
626 2969 737 3033 finitur
756 2968 810 3033 fol.
828 2973 855 3031 1.
875 2971 1096 3055 quaternionis
1115 2976 1158 3055 λθ
1177 2970 1296 3035 notatis
1313 2968 1424 3035 stichis
1440 2976 1503 3056 ,βω,
1526 2979 1559 3034 et
1574 2967 1764 3058 subscriptis
1779 2972 1812 3038 τό
1825 2999 1887 3038 κατ.

248 3105 338 3164 Λονκ.
360 3094 438 3181 ἆμον
460 3097 550 3181 εῦαγγ.
573 3096 690 3178 ἐξεδόθη
710 3097 782 3180 μετὰ
799 3097 915 3182 χρόνους
933 3106 964 3162 ιε’
983 3103 1032 3180 τῆς
1045 3106 1100 3180 Χρ.
1121 3097 1296 3181 ἀνιθνηψεως.
1338 3096 1413 3162 Ηοο
1433 3097 1599 3183 excipiunt
1611 3096 1771 3162 Johannis
1791 3120 1887 3164 evan·

249 3224 326 3310 gelii
346 3222 431 3288 tituli
451 3223 500 3306 18,
524 3222 588 3287 duo
613 3224 757 3288 carmina
779 3231 812 3288 et
832 3225 941 3318 imago
965 3222 1183 3309 evangelistae
1206 3223 1349 3289 sedentis
1373 3233 1405 3288 ct
1421 3224 1548 3288 initium
1569 3223 1729 3311 evangelii
1743 3226 1794 3289 sui
1809 3226 1886 3291 scri·

247 3352 363 3417 bantis.
406 3349 554 3415 Alterum
576 3372 706 3415 carmen
724 3347 828 3415 tribus
848 3350 997 3416 versibus
1014 3361 1167 3416 constans
1183 3352 1224 3416 cf.
1240 3350 1327 3437 apud
1340 3349 1552 3416 Matthaeium
1566 3349 1585 3415 l.
1601 3349 1621 3415 l.
1637 3349 1701 3416 vol.
1716 3351 1746 3416 4.
1761 3376 1793 3439 p.
1810 3353 1838 3417 7.
1855 3363 1887 3418 et

248 3477 336 3565 apud
353 3501 405 3542 me
424 3476 445 3542 l.
460 3475 481 3541 Ι.
524 3476 570 3541 Et
588 3487 699 3542 noster
714 3486 747 3542 ct
763 3476 872 3542 Oahir.
888 3481 1025 3562 Βροντνής
1044 3476 1177 3562 habent,
1200 3477 1289 3564 quod
1303 3477 1416 3544 Matth.
1433 3479 1576 3543 correxit
1589 3479 1753 3563 Βροντόοςς
1776 3476 1884 3545 Cahir.

247 3603 357 3687 εὕρατο,
371 3602 488 3691 reliqui
503 3603 567 3668 duo
583 3602 682 3688 εῦρετο.
706 3603 866 3684 Quartum
881 3627 1012 3671 versum
1025 3627 1087 3671 nec
1102 3616 1215 3671 noster
1227 3628 1287 3671 nec
1300 3605 1408 3671 Oahir.
1424 3603 1524 3669 addit.
1547 3603 1694 3670 Alterum
1710 3606 1758 3670 sic
1772 3604 1884 3672 habet:

328 3741 362 3807 ‘0
376 3742 522 3824 παρθένος
535 3743 565 3806 τί
565 3770 576 3817 ,·
598 3740 647 3807 τόν
660 3741 777 3807 τεκόντα
790 3741 839 3807 τόν
853 3741 931 3808 κάτω
1186 3743 1298 3817 Πεσών,
1313 3742 1420 3807 ἐκεῖθεν
1433 3740 1483 3826 την
1497 3740 1620 3827 ἄβυσσον
1632 3741 1766 3826 λαμβάνει

330 3861 441 3934 Λιπιόν,
464 3860 581 3926 τεκόντα
594 3858 644 3926 τὸν
658 3858 729 3926 θεὸν
742 3864 844 3926 κτᾶται
856 3861 948 3944 μόνον.
1186 3865 1247 3945 fic
1260 3860 1387 3946 γνώσεως
1400 3857 1447 3925 καὶ
1461 3859 1558 3926 πάντα
1570 3866 1687 3926 noma
1694 3859 1744 3925 τόν
1758 3860 1859 3945 κόσμον

327 3978 378 4053 Ὡς
391 3981 537 4063 παρθένος
551 3978 605 4063 γάρ
619 3977 690 4061 πρὸς
703 3977 753 4045 τόν
766 3978 797 4043 ἐκ
809 3982 859 4062 τῆς
872 3981 1019 4063 παρθένον
1184 3979 1355 4063 Μνστηρίων
1369 3976 1501 4063 ἄγνωστα
1514 3977 1562 4044 καὶ
1576 3989 1634 4054 τοῖς
1647 3978 1779 4063 cypriam

329 4102 484 4163 Καδοῦννα
498 4096 625 4181 Χριστόν
639 4096 686 4162 οἶα
700 4096 829 4182 συγγενὴς
841 4099 936 4181 τρέχεκ
1187 4095 1329 4182 Θεηγόρος
1341 4098 1473 4182 τέταρτος
1486 4092 1533 4163 οῦν
1545 4097 1682 4180 Ἰωάννης

327 4218 474 4282 Ἐνταῦθα
486 4216 527 4290 εἰς
540 4214 573 4281 τό
588 4220 697 4299 στῆθος
711 4215 797 4283 αἰτοῦ
810 4219 926 4300 ηνησνως
1182 4215 1390 4301 Εῦαμγελεστής,
1405 4214 1465 4282 a’Jt’
1480 4212 1589 4299 ἐνῦψεν
1601 4216 1747 4300 δογμάτων

733 4339 863 4418 Προῖτος,
876 4335 1009 4419 μέγιστος,
1024 4333 1117 4419 ἄκρος,
1132 4334 1203 4418 ἀρχὴ
1216 4331 1264 4400 καὶ
1277 4334 1362 4408 τεδος.

347 4469 419 4535 Fol.
443 4469 473 4534 4.
506 4470 726 4557 quaternionis
755 4478 804 4553 μα’
835 4470 1004 4555 evangelio
1032 4467 1247 4535 subscribitur
1268 4470 1358 4554 sinyy.
1387 4466 1432 4553 icy.
1457 4469 1532 4536 κατὰ
1550 4468 1687 4552 Ἰωάννην
1714 4494 1799 4553 στιχχ.
1831 4477 1880 4555 ,βα

241 4597 377 4662 Restant
398 4595 478 4662 folia
497 4595 571 4679 duo,
595 4618 732 4683 quorum
751 4597 870 4683 priore,
893 4618 1027 4662 numero
1047 4605 1064 4661 ν’
1086 4591 1121 4681 (i.
1136 4618 1163 4660 e.
1179 4622 1239 4680 usq.
1253 4593 1286 4682 ι’)
1305 4597 1504 4683 praeposito,
1528 4595 1683 4683 scriptum
1697 4604 1748 4660 est
1761 4593 1835 4660 Joh.
1851 4596 1881 4678 8,

240 4724 355 4789 3-11.
395 4723 511 4809 Ἀηονσι
531 4722 562 4789 δὲ
583 4744 687 4811 usque
710 4723 863 4808 ἁμάρτανε,
885 4723 996 4789 addita
1019 4722 1080 4788 hac
1101 4722 1353 4809 subscriptione:
1376 4723 1409 4789 τὸ
1432 4750 1494 4789 κατ.
1511 4722 1571 4787 Ἰω.
1591 4720 1636 4808 ἅμ.
1653 4721 1744 4807 εῦαηη.
1764 4722 1882 4806 aaa

240 4853 310 4936 μετὰ
328 4853 444 4936 χρόνονς
461 4857 504 4936 λθ
517 4855 567 4936 τῆς
579 4856 629 4918 τοῦ
643 4859 699 4936 Χρ.
720 4851 888 4935 ἀναλήψεως
903 4849 947 4916 ἐπὶ
961 4855 1140 4934 Δομετιανοῦ.
1183 4849 1245 4914 His
1260 4871 1340 4916 vero
1356 4847 1504 4915 omnibus
1519 4849 1625 4936 prima
1636 4870 1735 4915 manu
1750 4849 1880 4937 scriptis

238 4979 426 5065 praeposita
440 4986 516 5044 sunt
529 4976 608 5044 solio
625 4999 664 5042 eo
680 4977 768 5065 quod
782 4977 950 5064 praecedit
964 4976 1066 5043 altera
1080 4999 1178 5042 manu
1190 4976 1212 5041 J
1214 4974 1265 5042 oh.
1283 4976 1311 5058 7,
1327 4975 1441 5059 53-8,
1457 4976 1486 5040 2.
1504 4972 1552 5062 (in
1565 4949 1711 5062 margine
1726 4976 1785 5043 ἰδοῦ
1798 4971 1879 5060 ὦδε)

239 5104 303 5171 Καὶ
321 5104 461 5190 ε’πσρεόθη
479 5126 583 5191 usquc
603 5105 666 5171 ἕδίδ.
686 5106 793 5180 αότοός.
836 5102 957 5170 Ultimo
979 5104 1118 5192 denique
1137 5103 1215 5169 folio
1235 5102 1354 5188 legitur
1372 5105 1598 5188 παρασημωωσνς
1611 5108 1661 5171 τοῦ
1675 5102 1719 5190 ἄν.
1734 5103 1881 5189 inmanior

239 5234 302 5315 περὶ
314 5236 373 5299 τοῖν
384 5232 530 5316 τεσσάρων
543 5232 648 5316 εὐαρμ,
670 5254 751 5317 quae
768 5233 814 5296 sic
830 5230 944 5297 habet:
967 5234 1041 5299 Εἰπέ
1050 5258 1097 5316 μοι
1108 5231 1148 5299 τά
1160 5236 1186 5297 δ’
1201 5231 1343 5316 mantiae
1356 5236 1411 5298 ποῦ
1425 5230 1594 5316 ἐγράφησαν,
1607 5227 1657 5297 καὶ
1668 5230 1712 5307 τίς
1724 5229 1740 5297 ό
1754 5230 1879 5316 γράψας,

1543 5346 1581 5399 ⁴0
