4756 6194
484 397 551 445 VIII

484 581 653 648 uncialium
682 600 797 664 genere
825 599 844 645 a
871 585 985 662 quarto
1014 580 1054 644 ad
1085 597 1201 645 nonum
1229 578 1390 644 saeculum
1419 579 1528 662 scripti
1557 580 1788 662 duodeviginti,
1816 581 1925 663 paucis
1955 580 2127 646 levioribus

484 717 633 800 exceptis,
655 721 728 782 ante
743 736 793 782 me
812 717 1024 781 litteratorum
1045 713 1206 780 hominum
1228 713 1344 779 nemini
1365 714 1576 780 innotuerant.
1605 716 1710 798 Atque
1732 715 1809 780 illud
1825 716 1952 797 quidem
1973 716 2128 798 singulari

483 852 700 935 providentiae
723 852 847 917 divinae
869 849 1022 916 beneficio
1045 850 1216 931 contigisse
1238 849 1392 930 arbitror,
1423 851 1522 932 quod,
1551 856 1588 916 ut
1608 852 1666 917 hos
1692 851 1835 934 inprimis
1857 851 2050 934 praedicem,
2079 856 2128 917 tot

485 989 568 1053 sacri
590 987 714 1054 codices
737 1005 891 1053 annorum
913 986 998 1051 mille
1020 1003 1056 1051 ac
1083 986 1154 1069 plus
1176 985 1261 1050 mille
1284 1003 1304 1049 a
1325 986 1481 1051 communi
1505 986 1713 1068 plurimorum
1735 987 1882 1052 similium
1907 1005 2047 1051 summae
2069 1004 2125 1051 an·

483 1122 640 1204 tiquitatis
660 1122 858 1189 Christianae
880 1126 1154 1187 monumentorum
1175 1120 1308 1185 interitu
1329 1120 1409 1186 salvi
1431 1121 1471 1186 ad
1492 1126 1603 1188 nostra
1625 1140 1725 1204 usque
1747 1127 1961 1205 pervenerunt
1982 1098 2127 1203 tempora

484 1261 579 1340 atque
601 1276 684 1324 nunc
704 1259 810 1342 ipsum
832 1277 871 1322 ex
892 1257 1029 1339 indignis
1052 1257 1193 1322 tenebris
1215 1257 1248 1321 in
1270 1255 1372 1323 lucem
1393 1256 1560 1340 prodeunt.

587 1395 626 1458 ln
658 1394 862 1477 excerpendis
891 1392 1050 1459 codicibus
1078 1392 1193 1474 prioris
1223 1392 1416 1458 collectionis
1446 1392 1552 1475 paullo
1582 1392 1707 1475 parcior
1734 1412 1821 1458 eram
1846 1411 1940 1475 quam
1966 1393 1999 1456 in
2025 1392 2126 1457 altera

483 1529 682 1597 collectione:
704 1530 776 1595 illos
792 1529 875 1593 enim
890 1547 972 1594 nunc
987 1526 1114 1609 quidem
1133 1545 1195 1593 non
1215 1532 1279 1592 tam
1297 1528 1330 1592 in
1349 1527 1525 1593 litteramm
1541 1545 1634 1593 usum
1648 1529 1851 1594 convertendi
1866 1528 2030 1594 consilimn
2046 1533 2125 1607 erat,

483 1683 578 1749 quam
592 1684 656 1747 qua
674 1671 782 1730 essent
796 1664 950 1745 dignitate
966 1668 999 1728 ct
1013 1681 1107 1744 quem
1122 1663 1299 1728 litterarum
1313 1661 1449 1729 fructum
1467 1663 1691 1745 promitterent
1709 1662 1919 1745 significandi;
1943 1671 2125 1746 praeterea-

484 1820 546 1883 que
567 1801 658 1865 multi
682 1801 835 1866 eiusmodi
851 1805 926 1865 sunt
940 1817 1019 1880 quos
1042 1803 1127 1864 totos
1150 1798 1246 1863 edere
1265 1803 1511 1864 consentanemn
1534 1799 1590 1863 sit:
1614 1799 1647 1863 id
1671 1799 1756 1881 quod
1776 1800 1809 1863 in
1830 1800 1987 1865 nonnullis
2006 1818 2124 1881 nuper-

482 1937 561 2002 rime
585 1936 649 2002 iam
675 1935 792 2001 factum
817 1935 911 2016 est*).
954 1935 1036 1999 Item
1058 1934 1090 1998 in
1112 1932 1321 2000 describenda
1342 1933 1444 1998 altera
1467 1934 1666 2014 collectione,
1695 1935 1785 2001 cuius
1811 1935 1935 2000 codices
1958 1935 2037 2000 duos
2062 1934 2125 1998 iam

483 2075 557 2137 ante
577 2091 596 2134 a
618 2071 708 2136 nobis
727 2072 843 2154 publici
858 2070 937 2135 iuris
960 2068 1061 2135 iactos
1083 2069 1116 2133 in
1138 2074 1214 2134 nota
1234 2072 1357 2134 tantum
1380 2068 1594 2151 respeximus,
1616 2070 1758 2152 inprimis
1780 2069 1840 2135 hoc
1859 2071 2069 2153 spectavimus
2089 2074 2126 2134 ut

482 2212 661 2274 accuratam
683 2206 879 2288 singulorum
900 2204 1044 2271 notitiam
1062 2203 1252 2286 praebentes
1271 2204 1312 2268 ad
1331 2205 1529 2270 accuratiora
1548 2205 1652 2270 studia
1671 2206 1756 2271 viros
1775 2205 1886 2271 doctos
1908 2205 2123 2271 invitaremus.

483 2342 553 2421 Qua
572 2344 606 2406 in
631 2361 666 2408 re
687 2342 786 2407 multo
810 2340 939 2407 uberius
961 2341 1001 2405 de
1026 2340 1156 2406 Graecis
1179 2339 1361 2423 explicitum
1383 2345 1433 2405 est
1455 2358 1549 2421 quam
1571 2340 1611 2406 de
1634 2341 1782 2422 reliquis,
1813 2341 1929 2424 quippe
1955 2341 2124 2424 inquibus

482 2478 653 2562 descriptio
675 2483 786 2543 nostra
807 2496 870 2542 non
891 2482 956 2542 tam
979 2495 998 2541 a
1020 2475 1110 2542 nobis
1133 2493 1227 2558 quam
1249 2473 1288 2540 ab
1313 2475 1352 2541 iis
1376 2476 1536 2559 pendebat
1554 2477 1608 2558 qui
1630 2477 1753 2558 linguas
1774 2478 1944 2544 orientales
1963 2478 2047 2561 apud
2065 2496 2124 2543 nos

481 2611 679 2697 profitentur.
722 2613 774 2679 Ad
800 2612 971 2678 orientales
999 2611 1081 2676 enim
1111 2610 1235 2677 codices
1261 2617 1388 2678 nostros
1414 2611 1447 2677 hi
1475 2612 1674 2695 potissimum
1700 2613 1760 2677 viri
1787 2613 1952 2679 clarissimi
1983 2614 2124 2678 studium

482 2749 697 2816 contulerunt:
720 2748 761 2814 ad
783 2749 936 2813 Arabicos
959 2747 999 2811 H.
1022 2747 1058 2811 L.
1080 2745 1244 2812 Fleischer
1266 2751 1299 2812 et
1322 2747 1351 2813 J.
1376 2746 1613 2828 Gildemeister,
1640 2749 1680 2814 ad
1702 2748 1848 2832 Syriacos
1870 2749 1956 2814 Frid.
1981 2748 2068 2814 Tuch
2092 2752 2125 2813 et

482 2885 511 2951 J.
536 2884 773 2964 Gildemeister,
799 2884 840 2949 ad
862 2882 1010 2966 Copticos
1034 2882 1071 2947 G.
1095 2880 1267 2964 Scyllarth,
1300 2881 1341 2947 ad
1363 2882 1537 2965 Georgicos
1561 2883 1601 2948 H.
1624 2883 1828 2964 Petcrmann,
1857 2885 1898 2950 ad
1919 2884 2123 2968 Abyssinicos

481 3020 567 3085 Frid.
588 3020 690 3100 Tuch,
719 3020 760 3085 ad
782 3017 935 3085 Arabicos
956 3017 1133 3084 Drusianus
1156 3017 1195 3081 H.
1219 3017 1257 3082 L.
1280 3017 1457 3098 Fleiscber,
1483 3019 1524 3084 ad
1545 3018 1721 3085 Hebraicos
1744 3025 1777 3085 ot
1800 3020 2020 3087 Hebraeorum
2042 3023 2123 3086 Ara·

481 3153 569 3221 bicos
591 3156 651 3220 Ad.
675 3155 813 3220 Jellinok
835 3161 868 3219 et
891 3155 920 3221 J.
944 3154 1049 3220 Ftirst.

585 3290 733 3373 Plerique
759 3290 891 3356 alterius
915 3289 1107 3356 collectionis
1130 3288 1270 3368 codices,
1300 3294 1336 3354 ut
1362 3289 1488 3373 inipso
1515 3288 1595 3357 libro
1623 3296 1766 3357 notatum
1792 3296 1856 3372 est,
1886 3311 1957 3359 meo
1981 3293 2124 3375 insigniti

482 3431 556 3492 sunt
577 3427 711 3492 nomine.
758 3426 827 3492 Hoc
854 3445 936 3491 auno
959 3424 1198 3491 MDCCCXLV.
1221 3443 1318 3507 quum
1339 3430 1407 3490 tota
1433 3425 1577 3492 collectio
1601 3427 1642 3492 ad
1663 3427 1886 3493 bibliothecam
1907 3429 2123 3495 universitatis

480 3562 656 3644 Lipsiensis
679 3562 848 3644 transibat,
872 3563 1061 3628 auctoritate
1083 3559 1201 3627 factum
1223 3565 1274 3626 est
1294 3561 1380 3643 regis
1404 3561 1454 3626 vol
1475 3562 1582 3645 potius
1605 3582 1715 3629 eorum
1739 3564 1793 3645 qui
1815 3564 1901 3646 regis
1923 3566 2048 3630 nomine
2071 3584 2123 3631 res

482 3695 636 3763 Saxoniac
657 3697 799 3781 publicas
826 3703 893 3763 tum
919 3697 1190 3763 administrabant.
1233 3696 1338 3780 Ipsius
1361 3715 1437 3763 vero
1464 3698 1550 3780 regis
1572 3698 1727 3765 Friderici
1748 3700 1886 3782 Augusti
1912 3700 2038 3766 nomine
2065 3702 2123 3765 im·

480 3834 606 3899 mortali
621 3833 806 3900 thesaurum
820 3853 910 3900 meae
930 3833 1123 3900 collectionis
1144 3831 1349 3916 principalem
1369 3850 1407 3898 eo
1426 3832 1575 3914 insignivi
1597 3835 1727 3901 consilio
1749 3840 1786 3900 ut
1808 3855 1929 3918 „quum
1948 3836 2032 3918 grati
2047 3855 2125 3918 erga

480 3969 654 4052 principem
681 3972 833 4054 optimum
856 3969 1025 4051 devotique
1052 3968 1147 4035 animi
1171 3970 1234 4034 mei
1259 3967 1352 4033 testis
1380 3973 1394 4033 t
1476 3969 1608 4036 exuuiae
1634 3972 1703 4037 eius
1725 3973 1810 4038 circa
1834 3971 1934 4037 bonas
1956 3991 1993 4038 ac
2016 3991 2124 4039 sacras

480 4104 603 4171 litteras
623 4125 717 4172 curae
739 4104 1034 4187 munificentiaeque
1056 4109 1292 4172 monumentum
1310 4105 1480 4171 exstaret.“
1515 4105 1604 4183 Quae
1624 4106 1722 4173 verba
1739 4108 1772 4172 in
1792 4107 1989 4173 dedicatione
2008 4109 2124 4175 codicis

479 4242 840 4324 Primum-Augustani
860 4261 880 4307 a
900 4261 951 4308 me
973 4243 1077 4326 posita
1100 4241 1195 4306 etiam
1218 4240 1258 4306 ad
1280 4245 1381 4307 totam
1402 4241 1619 4309 collectionem
1644 4242 1853 4309 bibliothecae
1880 4243 2002 4326 patriae
2024 4244 2123 4309 tradi·

479 4381 544 4442 tam
567 4378 673 4444 valere
695 4377 794 4443 volui:
818 4378 902 4460 quod
925 4377 1052 4460 quidem
1073 4378 1178 4460 ipsum
1200 4395 1355 4442 summum
1376 4378 1501 4460 imperii
1523 4379 1714 4459 ministrum,
1736 4378 1893 4461 adquam
1915 4398 1954 4445 ea
1975 4399 2027 4447 res
2049 4400 2123 4465 per·

479 4513 615 4594 tinebat,
645 4518 749 4580 ratum
771 4512 921 4579 habuisse
944 4513 1122 4578 luculenter
1145 4517 1305 4579 testantur
1327 4513 1453 4579 litterae
1477 4515 1545 4581 eius
1568 4514 1661 4581 datae
1684 4515 1724 4580 ad
1746 4535 1796 4581 me
1819 4515 1869 4580 dic
1896 4521 1943 4581 13.
1967 4535 2006 4581 m.
2029 4519 2123 4584 Mart.

480 4667 508 4714 a.
533 4655 628 4729 1845,
651 4668 824 4732 rursusque
845 4669 925 4732 quae
946 4649 985 4716 ob
1009 4654 1133 4715 auctam
1152 4668 1172 4714 a
1190 4667 1240 4715 mc
1260 4650 1476 4716 collectionem
1495 4651 1524 4715 d.
1548 4656 1596 4716 15.
1615 4670 1656 4716 m.
1675 4651 1754 4718 Nov.
1778 4657 1868 4719 1853.
1889 4653 1999 4720 eadem
2014 4658 2123 4721 aucto-

480 4785 575 4850 ritate
597 4786 637 4850 ad
660 4805 711 4851 me
733 4790 957 4869 pervenerunt.
988 4785 1117 4850 Minime
1139 4803 1216 4851 vero
1235 4786 1501 4868 praetereundrun
1518 4792 1580 4866 cst,
1607 4806 1675 4852 eam
1697 4789 1797 4872 ipsam
1818 4791 1858 4856 ob
1878 4809 2035 4869 caussam,
2059 4790 2078 4854 i.
2095 4810 2122 4855 c.

479 4919 520 4987 ob
551 4921 766 4987 collectionem
795 4922 880 4987 illam
908 4922 1049 4987 codicum
1078 4921 1423 5004 praestantissimormu
1452 4923 1575 5005 patriae
1603 4941 1640 4989 ac
1668 4924 1876 4992 bibliothecae
1908 4927 2122 4993 uniuersitatis

481 5085 678 5094 *—

581 5175 604 5247 *)
622 5173 696 5229 Vide
715 5180 796 5229 notas
815 5173 852 5229 ad
869 5173 936 5226 libri
954 5172 1087 5228 indicem.
