4756 6194
517 395 560 462 50

521 606 604 667 τοῦτο
618 600 689 686 ἀρχῆ
707 603 809 686 γίνεται
822 606 872 667 τοῖν
886 607 1030 667 θεοῦσθαι
1043 599 1090 667 καί
1105 600 1306 686 ἀγαθόυεσθαι

521 739 580 803 τοῖς
594 729 754 812 θεουμένοις
773 726 821 793 καὶ
840 728 1067 812 ἀγαθυνομενοις,
1082 727 1098 795 6
1112 729 1205 814 πάσης
1219 731 1306 815 ἀρχῆς

520 855 686 940 όπεράρχιος
706 853 754 920 καί
776 860 825 940 τῆς
845 853 917 922 οὕτω
937 855 1082 941 λεγομένης
1100 857 1238 942 θεότητος
1257 856 1306 924 καλ

522 983 702 1068 ἀγαθότητος
730 981 770 1057 ῶς
790 985 930 1068 θεαρχίας
953 980 1002 1050 καλ
1026 983 1211 1069 ἀγαθαρχίιις
1233 978 1306 1046 ἔστιν

520 1111 652 1175 ι’πίκεινα

583 1234 646 1303 Καὶ
660 1237 676 1304 ό
689 1245 725 1304 Ν
725 1237 808 1321 όσσης
826 1249 906 1312 θεῖος
919 1237 1071 1323 Γρηγόρως
1083 1236 1123 1303 Εί
1133 1238 1171 1303 τά
1184 1239 1305 1321 κρίματα

521 1364 614 1440 αἰτοῦ,
629 1367 720 1448 φησίν,
736 1366 947 1451 ἐξερετνηθῆναι
959 1366 992 1433 οίι
1005 1364 1129 1441 δόναται,
1144 1363 1191 1430 καλ
1204 1367 1235 1430 αἱ
1246 1361 1305 1431 όδολ

520 1490 569 1557 υόκ
588 1492 799 1576 ε’ξιχνιάζοιται,
820 1490 868 1558 καὶ
892 1492 909 1576 ἡ·
929 1498 987 1559 τῶν
1013 1493 1136 1576 ἀγαθῶν
1157 1493 1305 1576 ἀπαγγελία

520 1619 613 1702 πάσης
639 1618 794 1702 ὑπέρκειται
821 1626 870 1704 της
899 1619 957 1686 ἀπὸ
983 1626 1148 1704 στοχασμῶν
1171 1620 1304 1694 εἰκασίας,

520 1746 601 1826 πόσῳ
622 1751 727 1829 μάλλον
745 1751 785 1811 τῶ
804 1749 893 1830 μίτρην
911 1747 987 1813 κατά
1005 1748 1037 1812 τό
1052 1747 1199 1832 ἀφραστόν
1212 1774 1243 1812 τε
1256 1745 1304 1811 καλ

522 1873 756 1956 ἀπροσπελαστον
779 1873 838 1940 ἀνω
861 1873 919 1940 ε’στὶ
937 1873 984 1940 καί
1003 1874 1174 1959 ίαγηλότερυν
1189 1874 1304 1942 αὐτότὸ

521 2011 602 2066 θεῖον
616 2006 672 2065 τῶν
686 2000 747 2085 περί
763 2002 831 2068 αὐτὸ
846 2005 1005 2087 νοουμένων.

579 2128 669 2193 Ἀλλά
697 2127 744 2194 καὶ
773 2129 789 2195 6
817 2140 898 2204 θεῖος
920 2130 1049 2214 Ἰωάννης
1076 2130 1092 2197 6
1115 2130 1304 2214 Δαμασκηνὸς

518 2255 603 2322 πάλιν
618 2256 646 2319 ίυ
660 2267 718 2330 τοῖς
731 2258 812 2340 ἱεροῖς
824 2257 931 2340 μελεσιν
940 2255 1001 2323 Ἵνα
1012 2284 1062 2323 σου
1074 2258 1164 2341 δείξης
1175 2259 1306 2341 ε’μφανῶς

519 2383 569 2467 τὴν
584 2383 741 2467 ἀπόρρητον
753 2387 882 2468 δευτέραν
893 2384 1058 2470 κατάβασιν,
1073 2383 1150 2459 ὅπως
1161 2383 1306 2468 ὁόψιστος

519 2511 590 2584 θεὸς
604 2510 719 2594 όφθὴση
738 2511 826 2585 ἑστώς
844 2512 872 2575 ἕν
885 2514 960 2594 με’σῳ
973 2518 1052 2578 θεῶν
1066 2525 1126 2587 τοῖς
1138 2513 1306 2589 ἀποστόλοις

520 2638 549 2702 ίν
567 2639 674 2722 Θαβώρ
690 2645 795 2704 Μωσεῖ
809 2639 859 2704 σὺν
871 2639 957 2724 Ἠλία
974 2666 1005 2705 τε
1024 2640 1150 2724 ἀρρήτως
1164 2642 1304 2724 ὀλαμψας

520 2763 568 2830 καὶ
586 2766 615 2831 ἐν
634 2767 716 2849 ἕτερον
735 2767 808 2849 μελει
820 2763 882 2831 Καὶ
900 2767 995 2850 μικρὸν
1013 2767 1163 2850 ἀποκόψας
1176 2772 1226 2852 τῆς
1239 2794 1304 2854 στρ

520 2893 568 2967 κὸς
582 2892 614 2958 τό
629 2892 794 2977 πρόσλημμα
811 2895 1014 2978 μετεμορφώθη
1029 2896 1189 2979 ἔμπροσθεν
1203 2896 1303 2972 αι’ντῶτ,

522 3020 662 3103 έμφιιίνων
683 3025 732 3085 τοῦ
754 3021 908 3105 ἀρχετίνπου
929 3022 1046 3096 κάλλους
1063 3023 1113 3107 την
1134 3024 1304 3108 είπράιειαν,

520 3146 569 3213 καὶ
593 3148 696 3230 ταύτην
723 3149 772 3231 οὐχ
794 3148 953 3233 ὁλόκληρον·
982 3149 1015 3218 τό
1036 3152 1100 3234 μέν,
1122 3156 1305 3236 πληροφορῶν

521 3275 623 3349 αιίτοδς
644 3273 705 3359 άμα
723 3273 770 3340 καὶ
788 3277 946 3360 φειδόμενος
963 3277 999 3361 μό
1017 3305 1079 3352 πως
1097 3279 1147 3344 σίν
1160 3284 1194 3362 τῇ
1208 3278 1305 3362 ὁράσει

520 3399 568 3466 καὶ
589 3402 622 3469 τὸ
645 3406 691 3486 ζόην
710 3403 895 3480 ἀπολέσωσιν,
919 3405 977 3468 ἀλλ’
998 3405 1038 3480 ῶς
1055 3405 1189 3489 ἡδόναντο
1205 3418 1304 3490 χωρεῖν

519 3529 584 3603 τοὺς
598 3530 770 3613 σωματικοδς
784 3531 950 3615 ὀφθαλμοὺς
963 3536 1160 3617 περιφερατες.

580 3654 642 3721 Καὶ
664 3656 680 3723 ὁ
698 3659 784 3741 μέγας
802 3660 945 3732 Διονίσιος
964 3655 1049 3734 αὖθις
1065 3659 1098 3727 ‘O
1116 3671 1204 3737 θεῖος,
1226 3665 1303 3747 φησί,

519 3782 621 3866 γνόφος
642 3781 700 3849 ἐστὶ
721 3783 753 3849 τὸ
773 3784 923 3868 ἀπρόσιτον
945 3793 1022 3871 φῶς,
1045 3789 1073 3854 ἐν
1092 3783 1116 3869 ᾦ
1133 3801 1268 3856 κατοικεῖν
1287 3789 1303 3857 6

518 3910 589 3984 θεός
602 3912 718 3995 λέγεται,
732 3909 780 3977 καὶ
795 3912 909 3994 ἀοράτῳ
920 3912 979 3979 όντι
994 3914 1041 3979 διὰ
1056 3914 1106 4001 τλγν
1117 3915 1303 4002 όπερεχουσαν

517 4037 664 4121 φανότητα
686 4037 734 4102 καλ
757 4040 900 4124 ἀπροσίτιρ
919 4041 950 4105 δι’
973 4041 1124 4128 ι’·περβυλίην
1141 4041 1303 4127 όπιρονσάνυ

515 4166 699 4249 φωτοχυσίας.
722 4167 771 4251 οόχ
793 4165 810 4232 6
831 4167 901 4241 θεὸς
919 4168 952 4231 δι’
965 4194 1048 4252 φησιν
1066 4169 1082 4236 6
1101 4170 1303 4255 Χρνσόστομος

517 4294 618 4377 πατήρ,
634 4293 692 4378 ἀλλ’
709 4293 726 4378 η
738 4295 819 4380 χάρις
833 4296 957 4380 έκχεῖται.

577 4421 653 4489 Ἐπεὶ
673 4421 704 4488 δὲ
720 4423 770 4489 τὸν
788 4424 1003 4509 προσγενόμενον
1021 4423 1066 4489 ε’πὶ
1084 4431 1134 4509 της
1153 4428 1304 4511 θειοτάτης

517 4553 618 4635 ι’κεθης
638 4554 714 4625 θάις
734 4562 794 4627 τοῖς
810 4552 979 4626 ἀποστόλοις
996 4552 1085 4638 φόβον
1102 4553 1203 4628 ἐκεῖνος
1217 4550 1303 4630 αίθις

515 4680 708 4764 προεβάλλετο,
723 4678 764 4752 ῶς
777 4678 882 4754 ἀτελεῖς
894 4677 942 4744 καί
953 4679 994 4743 ἐπ’
1010 4678 1095 4763 αὐτῆς
1103 4679 1204 4762 ἐκείνης
1214 4683 1302 4759 δείξαι

515 4807 562 4872 διά
587 4808 685 4873 τοίποο
710 4807 774 4879 τοὺς
796 4806 984 4882 ἀποστόλους,
1009 4805 1057 4872 καί
1083 4807 1115 4873 τό
1135 4813 1198 4891 φῶς
1220 4813 1302 4874 τοῦτο

513 4935 686 5018 χαμαίζηλον
702 4933 736 5001 τό
750 4938 900 5016 τηνικαῦτα
913 4935 1020 5008 τρίτοις
1034 4933 1179 5018 ὁρώμενον,
1195 4934 1211 5003 ό
1225 4936 1299 5003 θειίν

515 5086 602 5135 τατος
618 5057 667 5126 καλ
686 5059 809 5144 ἀοιδιμος
827 5059 954 5146 βασιλεὺς
967 5058 1022 5127 ἀπὸ
1035 5065 1085 5128 τοῦ
1098 5062 1222 5128 τοωότου
1236 5064 1300 5131 τότε

513 5185 609 5270 φωτὸς
628 5186 744 5261 πάντων
764 5184 974 5272 καταυγασθεὶς
994 5186 1044 5271 τὴν
1066 5188 1202 5265 διάνοιαν,
1220 5187 1299 5257 Ἔστι

1373 596 1421 664 καλ
1435 600 1530 686 φόβος,
1546 602 1629 677 εἶπεν,
1645 601 1677 668 οί·
1692 606 1748 667 τῶν
1763 603 1948 688 εἰσαγόμενον
1962 602 2036 669 ἀλλά
2050 607 2107 670 τῶν
2121 631 2161 670 τε·

1371 729 1459 803 λείων,
1481 727 1543 811 περὶ
1566 723 1599 795 οὗ
1616 755 1700 813 φησιν
1718 728 1734 795 ό
1752 729 1896 814 προφίμης
1912 729 1945 797 Ὁ
1963 731 2051 816 φόβας
2068 734 2162 815 κυρίαν

1373 852 1458 938 ἀγνδς
1484 857 1619 940 διαμένων
1644 857 1683 931 είς
1712 858 1804 922 αίῶνα
1830 859 1940 932 αι’ῶνος.
1968 856 2016 924 καί
2037 859 2162 943 ἀλλαχοῦ

1372 982 1457 1047 πάλιν
1479 983 1632 1069 Φοβόθητε
1649 982 1699 1052 τόν
1718 984 1809 1068 κόριον
1822 985 1927 1060 πάντες
1940 987 1967 1051 οἱ
1981 982 2053 1070 άγιοι
2067 986 2160 1052 αι’ποῦ.

1373 1116 1468 1194 δεῖγμα
1487 1107 1517 1174 δὲ
1535 1116 1585 1177 τοί·
1597 1111 1634 1196 με)
1648 1111 1698 1179 τόν
1711 1113 1889 1197 εάναγωγικδν
1904 1113 1977 1178 ἀλλά
1991 1113 2041 1180 τὸν
2059 1114 2160 1180 τίλνων

1373 1237 1442 1321 ἔχειν
1460 1238 1523 1303 τότε
1540 1238 1629 1324 φόβον
1642 1240 1708 1314 τοὺς
1722 1240 1904 1314 ἀποστόλους,
1918 1241 1952 1307 τὸ
1968 1244 2054 1323 ζητεῖν
2068 1269 2159 1325 παρα-

1371 1365 1459 1446 μόνειν
1478 1363 1522 1429 ἀεὶ
1540 1370 1581 1445 τῶ
1601 1365 1750 1451 ἀπορρήτῳ
1768 1367 1861 1449 ε’κείνιρ
1873 1368 2011 1451 θεάματι·
2032 1370 2159 1452 Ποιήσω-

1371 1517 1421 1574 μεν
1442 1492 1495 1576 γάρ
1517 1487 1571 1557 ῶδε
1592 1490 1660 1576 φησὶ
1680 1506 1753 1578 τρεῖς
1767 1497 1882 1578 σκηνάς,
1904 1499 1956 1561 καί
1965 1496 2065 1561 Καλόν
2086 1498 2159 1563 ε’στιν

1371 1618 1445 1703 ἡμᾶς
1470 1615 1524 1685 ὦδε
1546 1622 1623 1685 εἶναι
1647 1620 1663 1688 6
1685 1621 1739 1706 γάρ
1760 1623 1852 1705 ἕτερον
1874 1623 1978 1706 τρόπον
2000 1624 2050 1691 τὸν
2070 1626 2159 1710 φόβον

1372 1746 1442 1830 ἔχων
1451 1747 1499 1812 ἀπ’
1510 1748 1612 1814 ἐκείνου
1622 1758 1808 1833 προθυμεῖται
1819 1749 1926 1834 φεόγειν
1936 1750 1952 1816 ὃ
1963 1749 2011 1816 καί
2022 1761 2157 1837 φοβεῖται

1372 1875 1483 1957 Πέτρος·
1508 1873 1538 1939 δὲ
1562 1875 1578 1958 ἡ
1601 1879 1742 1960 κορυφαία
1763 1882 1820 1941 τῶν
1843 1855 2008 1944 ἀποστόλων
2030 1880 2157 1964 ἀκρότης,

1371 2004 1487 2083 νομίσας
1517 2003 1566 2068 τόν
1591 2005 1804 2088 διαστηματικὸν
1830 2010 1927 2071 τοῦτον
1953 2004 2000 2071 καί
2021 2033 2157 2091 πεπερασ-

1370 2129 1451 2212 μένον
1473 2131 1564 2194 αι’ῶνα
1586 2138 1791 2216 παραρρυῆναι,
1813 2134 1862 2200 τὸν
1883 2132 1913 2198 δὲ
1935 2134 2106 2201 ἀδιόστατόν
2126 2162 2157 2201 τε

1372 2254 1420 2322 καί
1435 2255 1553 2341 άληκτον
1570 2263 1620 2324 τοῦ
1633 2259 1729 2342 φωτὸς
1743 2261 1843 2325 ἐκεῖνον
1858 2261 2036 2346 ἐπιφανῆναι,
2057 2264 2158 2330 Καλόν

1373 2385 1447 2451 ἔστιν
1461 2385 1535 2469 ἡμᾶς
1553 2381 1607 2450 ῶδε
1620 2389 1705 2461 εἶναι,
1735 2387 1794 2453 ἀπὸ
1818 2390 1974 2463 διαθέσεως
1995 2395 2044 2474 τῆς
2065 2397 2158 2476 ψυχῆς

1373 2514 1562 2588 ε’νθεαστικῶς
1581 2515 1676 2597 ἔλεγεν.
1696 2515 1781 2580 ε’κεῖνο
1799 2514 1853 2598 γάρ
1868 2516 1982 2591 πάντως
1996 2518 2065 2582 είδεν
2079 2518 2094 2584 δ
2110 2519 2158 2585 οόκ

1373 2639 1409 2705 ἀν
1425 2640 1541 2715 πάντως
1560 2642 1726 2725 ἀνθρωπίνη
1744 2642 1826 2726 φόως
1844 2642 1914 2726 όρᾶν
1928 2647 2067 2728 δυνηθείη,
2082 2646 2156 2730 είμίγ

1371 2768 1443 2853 πρός
1463 2767 1513 2852 τὴν
1534 2773 1584 2834 τοῦ
1602 2768 1681 2853 ἁγίου
1699 2770 1854 2852 πυεόματος
1870 2770 1951 2855 χάριν
1970 2772 2156 2857 ἀνακραθεόη.

1371 2895 1504 2962 τοσοότου
1519 2894 1572 2980 γάρ
1586 2897 1681 2962 ε’κείνοι
1694 2897 1757 2963 τότε
1770 2897 1942 2981 ἡξιῶθησαν,
1956 2896 2030 2966 Ιόσον
2045 2901 2157 2983 ἀνθρω

1372 3024 1436 3105 πίνη
1457 3023 1538 3106 φόσις
1559 3023 1705 3108 χωρησειεν
1727 3023 1763 3088 ἀν
1788 3028 1981 3110 σιυιιιρομίνου
2003 3027 2089 3110 ταότη
2108 3033 2159 3094 τοῦ

1372 3149 1536 3232 πνεύματος.

1436 3275 1544 3360 Μηδεὶς
1558 3276 1588 3342 δὲ
1600 3278 1677 3362 ημῶν
1691 3279 1813 3356 ἀκυόων,
1836 3274 1921 3353 αὖθις
1939 3281 2014 3346 εἶπεν
2027 3280 2043 3349 6
2057 3280 2104 3347 καί
2118 3284 2157 3349 τά

1372 3415 1441 3469 θεῖα
1459 3404 1548 3488 σοφὸς
1565 3407 1701 3490 βασιλ-εός,
1720 3407 1821 3489 ἐφόσον
1839 3407 1911 3481 εἰκός
1925 3407 2110 3490 ι’ξυμνυόντων
2124 3411 2157 3478 τό

1372 3532 1521 3598 θειότατον
1540 3533 1626 3598 ε’κεῖνο
1642 3539 1716 3617 φῶς,
1735 3532 1785 3616 την
1803 3541 1853 3601 τοῦ
1873 3540 1942 3600 θεοῦ
1954 3534 2036 3617 φάσιν
2049 3537 2158 3621 θεατὴν

1370 3661 1455 3744 λέγειν
1472 3659 1546 3743 ἡμᾶς
1564 3659 1791 3746 όπολαμόανίτω.
1811 3663 1837 3727 εί
1850 3662 1904 3746 γάρ
1918 3660 1966 3727 καλ
1979 3663 2050 3746 πρὸς
2063 3670 2157 3731 τοσοίν

1370 3814 1419 3853 τον
1444 3784 1520 3870 ὕψος
1545 3792 1672 3872 θεωριλις
1699 3788 1869 3871 ἀνέδραμον,
1897 3789 1979 3874 χάριν
1999 3789 2047 3855 καί
2071 3792 2158 3870 δόξαν

1369 3916 1442 3981 ελδον
1462 3917 1548 3981 θείαν
1571 3915 1629 3982 ἀλλ’
1651 3915 1684 3982 οίι
1701 3915 1751 3999 τὴν
1769 3916 1851 3999 φάσιν
1870 3916 1955 4000 αότίην
1969 3917 2019 4001 τὴν
2031 3925 2157 4003 χορηγοῐν

1370 4067 1425 4108 σαν
1438 4043 1488 4128 τὴν
1500 4042 1589 4127 χάριν.
1605 4041 1652 4108 καὶ
1666 4043 1720 4128 γάρ
1735 4040 1810 4126 ίσμεν
1821 4043 1922 4126 ίκεινην
1932 4043 1988 4111 ὑπὸ
2001 4050 2058 4110 τῶν
2069 4047 2158 4111 θείων

1368 4173 1467 4254 λογίων
1480 4171 1639 4254 μεμειγμένα
1653 4171 1808 4254 ἀμεθεκτον
1827 4169 1951 4255 ίιληπτον
1969 4172 2092 4256 ἀόρατον
2110 4171 2158 4239 καὶ

1370 4298 1470 4373 αι’νταῖς
1490 4309 1555 4371 ταῖς
1573 4297 1764 4381 ι’νπερκοσμδις
1777 4294 1825 4362 καί
1844 4298 1981 4364 ἀνωτάτω
2003 4300 2157 4384 δυνάμεσιν,

1370 4425 1409 4500 ῶς
1423 4425 1479 4492 οἰδ
1496 4423 1569 4509 ίχνος
1582 4422 1655 4498 ὅλως
1666 4424 1853 4508 καταλήψεως
1866 4423 1920 4491 κάν
1932 4427 2016 4508 ψιλόν
2028 4438 2088 4501 τοῖς
2098 4428 2155 4509 μετ’

1371 4552 1455 4637 αὐτὴν
1469 4554 1698 4636 καταλείψασαν·
1712 4548 1769 4618 ἐπεὶ
1781 4551 1828 4617 καὶ
1836 4558 1868 4616 Γ
1864 4552 2021 4636 ρηγορίωνὸ
2034 4560 2157 4640 θεολογι-

1369 4681 1503 4755 κῶτατος,
1519 4680 1591 4745 ἔστιν
1605 4678 1625 4744 οἳ
1639 4684 1696 4745 τῶν
1710 4683 1887 4764 προφητικῶν
1901 4680 2057 4764 θεαμάτων
2071 4708 2157 4747 κατα-

1368 4809 1451 4884 λθξοις
1464 4806 1607 4891 πρότερον,
1627 4809 1725 4890 ἑφεξῆς
1743 4807 1829 4880 εὐθὺς
1848 4808 1990 4892 ἐπήνεγκεν
2003 4808 2077 4873 Ἀλλ’
2094 4807 2157 4874 οίτε

1369 4928 1444 4999 οὗτοι
1464 4930 1527 5018 περὶ
1549 4927 1589 4998 ῶν
1611 4933 1627 5000 6
1647 4933 1735 5017 λόγος,
1758 4933 1819 5000 οότε
1841 4961 1883 5008 τις
1904 4933 1988 5007 ἀλλος
2006 4938 2063 4999 τῶν
2082 4934 2158 4999 κατά

1366 5060 1480 5135 τσότους
1501 5062 1565 5144 ἔστη
1580 5061 1609 5126 ἐν
1622 5061 1796 5144 ι’ποστηματι
1809 5059 1856 5126 καὶ
1871 5060 1952 5144 σι’·σίη
1965 5061 2065 5144 κυρῶν,
2079 5061 2157 5127 κατά

1365 5189 1398 5260 τὸ
1412 5189 1597 5272 γεγραμμανον
1607 5186 1680 5255 Οάδά
1693 5192 1764 5254 θεοῦ
1778 5187 1861 5272 φόσιν
1874 5185 1891 5270 ἢ
1905 5187 1975 5252 εἶδεν
1988 5184 2006 5270 ἢ
2019 5187 2156 5272 ἔξηγόρεν
