4756 6194
1982 401 2025 467 49

382 601 452 667 καθ’
468 601 501 669 ὃν
514 601 608 666 {mm
621 602 770 686 μετιχεται,
783 603 855 684 μένει
873 607 1001 686 διηνεκῶς
1016 613 1075 675 τοῖς
1089 607 1174 667 πᾶσιν
1241 630 1304 669 τοτε
1324 603 1374 672 σόν
1396 607 1479 688 κυρίην
1500 601 1576 671 κατά
1596 602 1629 671 τό
1650 605 1740 690 λόγιον
1759 605 1893 689 ἐσόμεθα,
1913 612 1963 691 τῆς
1975 604 2025 690 μὲν

383 729 566 814 άνάιφαντος.

450 855 527 941 Φησὶ
545 853 575 923 δὲ
592 853 640 922 καί
658 854 674 923 5
692 858 778 941 με’γας
791 857 942 931 Βασιλειος
959 855 1002 922 Τό
1015 860 1123 940 πνεῦμα
1136 856 1169 922 τό

383 983 461 1072 ἅγιον
476 984 627 1071 ἀπρόσιτον
644 984 783 1068 τήφόσνι,
803 982 928 1068 χωρητόν
942 983 974 1048 δι’
990 983 1168 1069 ἀγαθότητα,

383 1115 479 1180 πάντα
492 1110 541 1196 μίν
554 1116 675 1196 πληροῦν
688 1116 722 1195 τῇ
736 1110 856 1194 δυνάμει,
874 1111 968 1195 μόνοις
981 1109 1011 1176 δὲ
1025 1109 1056 1177 όν
1070 1121 1167 1194 μεθεκ·

383 1241 433 1309 τόν
453 1252 512 1314 τοῖς
533 1240 634 1318 ἀξίοις·
657 1239 706 1324 ον’νχ
724 1235 764 1304 ἑνί
776 1240 867 1323 μέτρῳ
879 1240 1073 1323 μετεχομίιον,
1095 1238 1168 1303 ἀλλὰ

383 1368 458 1435 κατά
481 1368 635 1452 ἀναλογίαν
655 1373 705 1453 τῆς
730 1367 850 1440 πιστεονς
877 1371 999 1449 διαιροῦν
1023 1366 1073 1451 τήν
1100 1367 1168 1450 ε’νίρ

383 1513 469 1582 γειαν·
492 1494 599 1561 άπλοῦν
620 1499 654 1577 τῇ
672 1494 767 1578 οὐσίην,
791 1493 916 1559 ποικίλον
933 1505 997 1567 ταῖς
1011 1493 1168 1575 δυνάμεσιν·

383 1621 447 1690 ὅλον
468 1623 577 1703 ἑκάστῳ
599 1623 699 1706 παρόν,
721 1620 768 1687 καί
787 1619 852 1689 όλον
871 1625 1016 1706 πανταχοῦ
1030 1619 1074 1688 όν·
1097 1621 1168 1685 ἀπα-

382 1755 448 1825 θοῦς
464 1750 648 1834 μεριζόμενον,
667 1746 714 1815 καλ
732 1749 886 1833 ὁλοσχερῶς
902 1748 1079 1832 μετεχόμενον
1093 1747 1168 1811 κατά

382 1878 432 1963 τήν
454 1877 547 1944 εἰκόνα
568 1881 618 1961 της
640 1876 752 1961 ήλιακής
773 1876 893 1951 ἀκτῖνος,
915 1873 962 1941 καλ
983 1875 1091 1956 ἑκάστῳ
1112 1879 1169 1938 τῶν

383 2011 511 2071 δεκτικῶν
539 2004 579 2078 ὡς
606 2005 681 2087 μόνῳ
709 2003 801 2087 παρὸν
828 2007 925 2087 διαρκῆ
949 2015 1008 2077 τοῖς
1028 2007 1099 2068 πάσι
1119 2002 1169 2086 τήν

381 2134 462 2218 χάριν
484 2129 532 2198 καί
553 2131 700 2215 ὁλόκληρον
718 2132 859 2215 ἐπαφίησι.
881 2126 928 2194 καὶ
950 2130 1034 2195 πάλιν
1055 2132 1100 2195 Αἱ
1119 2128 1168 2214 μὲν

383 2262 511 2345 ἐνέργειαι
523 2265 573 2325 τοῦ
586 2264 658 2325 θεοῦ
670 2261 805 2333 ποικίλαι,
823 2256 839 2342 ή
855 2256 885 2322 δὲ
898 2258 979 2323 ον’σιλι
994 2257 1077 2342 ἀπλή.
1091 2258 1167 2342 ἡμεῖς

382 2385 413 2453 δὲ
426 2388 456 2453 ἔκ
469 2393 526 2453 τῶν
542 2388 678 2471 ἐνεργειῶν
692 2388 828 2470 γνωρίζειν
846 2386 956 2469 λε’γομεν
970 2386 1019 2451 τόν
1034 2386 1112 2460 θεόν,
1132 2391 1166 2468 τῇ

383 2513 413 2581 δὲ
433 2516 514 2599 οῦσίᾳ
533 2515 618 2580 αῦτοά
631 2516 814 2598 προσεγγίζειν
828 2512 877 2597 οῦχ
891 2511 1112 2597 ι’νπισχνοῦμεθαΙ
1136 2514 1167 2578 αἱ

382 2640 430 2727 μὲν
452 2643 506 2728 γὰρ
525 2642 652 2726 ἐνέργειαι
670 2642 755 2706 αὐτοῦ
773 2639 844 2723 πρὸς
858 2639 931 2724 ήμάς
944 2644 1167 2725 καταβαινονσιν,

382 2770 398 2854 ή
413 2769 443 2837 δὲ
457 2771 538 2837 οῦσιά
551 2771 623 2854 με’νει
637 2768 794 2851 ἀπρόσιτος.

448 2894 530 2964 Οἶτω
553 2896 607 2980 γάρ
628 2894 675 2961 καί
696 2894 712 2961 5
730 2897 816 2979 με’γας
828 2896 1006 2969 Ἀθανάσιος
1023 2897 1104 2979 λε’γει,
1124 2892 1167 2961 ότι

383 3022 469 3099 οῦδελς
484 3024 647 3107 άνθρῶπων
661 3022 776 3088 δῦναται
792 3029 862 3088 θεοῦ
875 3023 972 3088 οόσίαν
986 3021 1086 3107 γννμνήν
1101 3023 1166 3087 ι’δεῖν

383 3152 515 3234 οῦδαμοῦ·
537 3148 608 3218 ὅθεν
636 3150 772 3234 πρόδηλον
798 3147 841 3217 ότι
867 3151 899 3215 οὐ
924 3149 973 3234 τήν
1000 3150 1097 3216 οῦσιλνν
1118 3152 1167 3215 τοῦ

382 3284 453 3345 θεοῦ
472 3279 585 3364 ἔβλεπον
603 3279 629 3343 οἱ
643 3276 715 3362 ἀγιοι
730 3276 803 3343 ἀλλά
817 3276 867 3363 τήν
881 3278 974 3354 δόξαν,
990 3277 1030 3351 ῶς
1043 3275 1090 3341 καλ
1104 3275 1166 3359 περὶ

382 3411 439 3471 τῶν
457 3405 622 3472 ἀποστόλων
640 3407 792 3490 γε’γρανιτιιι
813 3402 855 3469 ότι
874 3402 1166 3489 διαγρηγορήσαντεςό

383 3534 494 3617 Πέτρος
506 3530 554 3598 καί
568 3532 656 3598 οίσῦν
671 3533 747 3613 αόνῳ
761 3534 833 3598 εἶδον
847 3531 896 3617 τήν
910 3533 996 3609 δόξαν
1011 3532 1104 3597 αὑτοῦ.
1119 3530 1167 3595 καὶ

383 3655 468 3734 αὖθις
490 3660 506 3727 5
525 3659 609 3732 αι’ντός
621 3659 765 3743 Ἀπαθής,
787 3663 864 3743 φησί,
883 3658 931 3725 καί
949 3661 977 3724 ἐν
995 3670 1054 3732 τοῖς
1072 3659 1167 3741 παθή

381 3814 449 3872 μασι
471 3793 520 3871 τῆς
538 3786 643 3870 σαρκός
660 3786 676 3853 ό
690 3788 823 3871 Χριστός,
843 3786 883 3861 ῶς
897 3786 967 3861 θεὸς
984 3786 1098 3870 νικήσας
1109 3785 1166 3852 θά-

381 3942 467 3981 νατον
489 3912 538 3980 καὶ
560 3914 688 3989 ἀναστάς
705 3920 740 3999 τῇ
758 3917 835 3999 τρίτη
853 3914 953 3999 ήμίρηι,
975 3910 1022 3979 καὶ
1036 3913 1167 3979 ἀνιλθοόν

381 4044 420 4116 εἰς
438 4042 487 4109 τόν
505 4041 623 4124 οὐρανόν
643 4042 672 4106 ἐν
694 4042 759 4125 δόξη
778 4046 877 4125 φυσική
896 4039 944 4107 καλ
962 4042 1011 4108 οῦκ
1029 4042 1058 4105 ἐν
1074 4041 1166 4124 χάριτι

381 4169 525 4253 ι’ρχόμενος
538 4168 567 4233 ἕν
580 4173 614 4251 νή
629 4168 714 4235 αὐτοῦ
728 4169 849 4253 θεότητι,
873 4170 1004 4253 ἐμφανῶς
1017 4169 1166 4252 ἐκλάμπον

381 4296 412 4360 ἐκ
432 4301 482 4362 τοῦ
503 4297 533 4360 ἐκ
552 4298 671 4379 Μαρίας
691 4297 822 4380 σώματος
843 4297 928 4363 αι’ποῦ
950 4302 1000 4364 τοῦ
1018 4295 1098 4381 ἀγίον
1116 4296 1165 4381 τήν

380 4423 468 4501 δόξαν
484 4423 534 4508 τήν
549 4423 714 4506 ἀπόρρητον,
735 4422 776 4498 ὡς
789 4422 837 4490 καί
852 4422 896 4488 ini
910 4429 959 4491 τοῦ
972 4422 1054 4507 όρονς
1067 4424 1166 4502 ἔδειξεν

382 4548 439 4618 ἀπό
461 4551 565 4634 με’ρονς,
588 4550 725 4615 διδάσκων
745 4550 819 4635 ἡμᾶς
838 4549 881 4619 ότι
899 4549 946 4617 καὶ
964 4552 1098 4635 πρότερον
1117 4550 1164 4617 καί

380 4681 428 4742 νῦν
449 4675 465 4743 5
488 4675 573 4751 αὐτός
594 4677 675 4752 ε’στιν,
698 4678 885 4754 ἀναλλοίωτος
907 4677 946 4744 ῶν
965 4676 1070 4744 ἀείκαὶ
1082 4705 1164 4763 μετα-

379 4802 462 4888 βολήν
476 4803 603 4886 οόδεμίιιν
618 4806 687 4889 ἔχων
701 4803 763 4888 περὶ
776 4805 826 4890 τήν
839 4807 972 4890 θεότητα.

447 4927 529 4998 Οίπω
547 4929 595 4996 καί
612 4931 628 4996 5
645 4931 731 5017 με’γας
748 4934 892 5008 Διονόσιος
900 4931 989 5001 Ὅταν
1008 4932 1163 5018 ἄφθαρτοι,

379 5060 455 5142 φησί,
478 5057 526 5124 καί
548 5059 692 5126 ἀθάνατοι
714 5061 877 5144 γενῶμεθα,
898 5059 945 5127 καλ
968 5068 1016 5146 τίης
1036 5088 1163 5145 χριστοει-

380 5191 444 5259 δοῦς
464 5183 513 5251 καὶ
532 5188 747 5271 μακαριωτάτης
770 5189 933 5273 ἕῳικοόμεθα
956 5190 1073 5273 λήξεως,
1095 5190 1162 5254 πάν·

1239 729 1343 816 όρατ-ῆς
1366 731 1451 797 αῦτοῦ
1471 737 1646 816 θεοφανείας
1666 733 1695 796 ἐν
1716 733 1868 818 πανόγνοις
1889 736 2024 817 θεωρίαις

1240 858 1477 943 ἀποπληροόμενοι
1514 860 1689 944 φανοτάταις
1722 859 1795 943 ήμάς
1828 871 2023 946 μαρμαρνγαῖς

1235 987 1482 1071 περιανγαζοόσης,
1507 986 1547 1061 ῶς
1573 983 1638 1063 τοῦς
1656 985 1793 1070 μαθητάς
1821 989 1849 1052 ίν
1875 988 1961 1072 ἐκείνη
1987 993 2021 1071 τῇ

1234 1114 1371 1196 θειοτάτη
1381 1113 1604 1207 μεταμορφῶσαι·
1618 1119 1668 1198 τίγς
1681 1112 1711 1179 δὲ
1724 1119 1822 1199 νοητῆς
1837 1115 1922 1183 αὐτοῦ
1931 1141 2021 1200 φωτο

1236 1243 1333 1314 δοσίιις
1353 1241 1382 1305 ἕν
1405 1240 1522 1309 ἀπαθεῖ
1535 1238 1584 1307 καλ
1602 1241 1678 1322 ἀόλῳ
1696 1246 1737 1322 τῳ
1751 1247 1790 1322 νῷ
1804 1242 1961 1328 μετέχοντες
1973 1240 2022 1308 καὶ

1235 1372 1284 1451 τῆς
1311 1366 1380 1452 ῦπιλρ
1408 1373 1473 1433 νοῦν
1495 1368 1619 1443 ἕνιόσεως
1642 1369 1670 1434 ἓν
1691 1381 1754 1442 ταῖς
1774 1375 1831 1435 τῶν
1852 1368 2021 1454 όπερφανοῦν

1236 1494 1355 1561 ἀκτίνων
1383 1495 1535 1580 ἀγνώστοις
1568 1493 1616 1561 καὶ
1643 1498 1794 1579 μακαρίαις
1823 1497 1963 1582 ι’πιβολαῖς
1991 1497 2020 1562 ε’ν

1235 1625 1367 1707 θειοτέρα
1379 1622 1486 1707 μιμήσει
1500 1627 1556 1688 τῶν
1570 1622 1774 1708 όπεροιιρανιων
1789 1625 1868 1691 νόων.

1299 1749 1361 1816 Καὶ
1387 1749 1403 1815 ό
1424 1751 1509 1835 με’γας
1530 1751 1680 1826 Βασίλειος
1706 1744 1798 1816 ἆθλον
1819 1749 1902 1835 φησίν
1922 1751 2022 1836 ἀρετῆς

1236 1874 1307 1944 θεόν
1327 1880 1458 1962 γενέσθαι
1480 1875 1528 1943 καὶ
1552 1883 1592 1958 τῷ
1614 1877 1816 1963 καθαρωτάτῳ
1839 1875 1912 1962 φωτί
1935 1903 2019 1944 κατοι-

1235 2006 1444 2089 στρόπτεσθαι,
1459 2010 1508 2089 της
1528 2006 1631 2090 ήμίρας
1651 2006 1752 2089 ἐκείνης
1772 2003 1830 2071 νίάν
1848 2005 2019 2090 γενόμενονῆ

1234 2131 1271 2218 αλ
1286 2134 1464 2199 διακόπτεται
1476 2134 1559 2218 ζόφῳ-
1575 2132 1659 2207 &Q
1671 2131 1725 2218 κᾶν
1739 2131 1841 2217 ἐάαν
1854 2144 1931 2199 aocet
1937 2128 2021 2218 ἦλθεν

1234 2260 1250 2328 5
1264 2259 1297 2328 τό
1310 2258 1445 2344 ἀληθινόν
1456 2265 1519 2344 φῶς
1531 2260 1755 2344 ἀπαστράπτον·
1770 2259 1802 2335 ὃς
1815 2257 1926 2326 ε’πειδάν
1938 2257 2020 2341 ἅπαξ

1234 2389 1372 2472 ι’πιφαόση
1391 2387 1460 2472 ήμῖν,
1483 2389 1572 2454 οἰκότι
1589 2388 1618 2452 ἐν
1633 2394 1748 2469 δυσμαῖς
1761 2386 1923 2469 κρόπτεται,
1943 2386 2018 2456 ἀλλά

1233 2517 1329 2581 πάντα
1342 2520 1375 2598 νή
1393 2522 1544 2599 φωτιστική
1560 2516 1644 2581 αῦτοῦ
1659 2515 1769 2598 δυνάμει
1783 2515 2017 2598 περιπτνξάμενος

1234 2641 1352 2727 διηνεκὲς
1369 2639 1416 2707 καλ
1436 2643 1585 2727 ἀδιάδοχον
1603 2652 1661 2715 τοῖς
1680 2643 1768 2720 ἀξίοις
1782 2641 1814 2708 τό
1828 2647 1891 2725 φῶς
1904 2642 2017 2725 ε’μντοιεῖ,

1234 2767 1281 2836 καί
1311 2769 1411 2843 αὐτοὺς
1439 2771 1504 2843 τοῦς
1530 2771 1695 2853 μετέχοντας
1723 2774 1772 2835 τοῦ
1800 2769 1894 2853 φωτός
1916 2769 2018 2835 ε’κείνον

1234 2897 1335 2973 ἀλλους
1349 2897 1440 2981 ἡλίους
1454 2897 1682 2980 ἀπεργαζόμενος.
1702 2897 1764 2962 τότε
1783 2897 1836 2980 γάρ
1849 2922 1917 2979 φησι
1930 2893 1978 2961 καί
1992 2897 2019 2962 οἱ

1234 3029 1332 3092 δίκαιοι
1345 3026 1503 3108 λάμψονσιν
1517 3023 1556 3098 ῶς
1570 3024 1586 3090 ό
1600 3021 1681 3108 ήλιος.

1297 3152 1358 3218 Καὶ
1373 3152 1389 3219 5
1404 3163 1483 3227 θεῖος
1499 3153 1631 3234 Μάξιμος
1642 3151 1686 3216 Ἡ
1696 3151 1771 3237 ψνχή
1787 3154 1887 3236 γίνεται
1901 3151 1972 3226 θεός
1985 3179 2019 3234 τη

1232 3284 1344 3365 μεθεξει
1361 3286 1410 3364 τής
1428 3284 1526 3365 θεὶκής
1538 3279 1659 3364 χάριτος,
1679 3283 1779 3344 πασῶν
1793 3283 1850 3342 τῶν
1864 3276 1939 3344 κατά
1953 3282 2018 3344 νοῦν

1233 3437 1264 3474 τε
1285 3407 1332 3474 καὶ
1353 3407 1486 3491 αἴσθησιν
1504 3407 1641 3491 ἐνεργειῶν
1660 3406 1729 3490 αῦτή
1748 3433 1778 3470 τε
1792 3405 1956 3488 παυσαμένη
1970 3403 2018 3471 καλ

1233 3536 1287 3610 τάς
1314 3540 1363 3601 τοτ’·
1389 3536 1520 3618 σώματος
1545 3533 1665 3618 φυσικάς
1685 3533 1820 3616 ἐνεργείας
1840 3532 2018 3599 σιααποπαίε

1233 3689 1320 3737 σασα,
1341 3664 1555 3734 σννθεωθίντος
1578 3661 1647 3743 αὐτῇ
1665 3659 1740 3725 κατά
1757 3659 1807 3743 τήν
1825 3659 2018 3744 ἀναλογοῦσαν

1233 3790 1310 3871 αὐτῷ
1331 3790 1444 3873 με’θεξιν
1462 3794 1511 3872 της
1529 3789 1670 3862 θεῶσεως,
1693 3784 1765 3853 ῶστε
1783 3786 1867 3870 μόνον
1884 3784 2018 3853 τὸνθεόν

1233 3919 1280 3985 διά
1293 3945 1324 3983 τε
1337 3923 1387 4002 τῆς
1399 3921 1492 3999 ψυχης
1509 3914 1556 3980 καλ
1570 3920 1619 3981 τοῦ
1632 3915 1763 3996 σώματος
1776 3913 1839 3979 τότε
1852 3915 2017 3996 φαίνεσθαι,

1232 4047 1401 4128 νικηθέντων
1429 4044 1522 4110 αὐτῶν
1550 4048 1584 4126 τῇ
1613 4042 1747 4126 ὑπερβολή
1775 4044 1825 4122 τῆς
1853 4040 1934 4124 δόξης
1961 4044 2017 4106 τῶν

1231 4178 1353 4256 φυσικῶν
1368 4171 1571 4256 γνωρισμάτων.

1295 4297 1356 4365 Καὶ
1374 4297 1390 4365 5
1404 4300 1489 4383 με’γας
1506 4299 1650 4372 Αιονήσιος
1665 4298 1802 4382 Οῦδεμίαν
1821 4292 1927 4377 ἀροῦμεν
1944 4294 2017 4358 θίω

1232 4453 1275 4493 σιν
1294 4426 1312 4511 ή
1333 4426 1403 4511 ζωήν
1422 4423 1482 4511 ήτις
1502 4427 1622 4511 ἀκριβῶς
1641 4426 1758 4511 ἐμφερής
1776 4429 1881 4511 ε’στιτῇ
1902 4429 2017 4494 πάντων

1231 4553 1405 4638 όπερκειμείη
1428 4556 1514 4638 αι’τίηι.
1533 4552 1580 4619 καλ
1600 4552 1615 4619 ό
1635 4554 1720 4628 αἰνός
1738 4555 1913 4639 ἐρωτώμενος
1925 4555 2016 4631 πῶςῦ

1231 4682 1346 4747 πάντων
1365 4683 1490 4746 ἕπε’κεινα
1508 4681 1555 4746 καί
1573 4678 1642 4764 ῦπέρ
1661 4685 1801 4765 θεαρχιάν
1815 4679 1872 4748 ἐστὶ
1886 4680 1934 4747 καί
1947 4680 2016 4765 ῦπὲρ

1232 4810 1431 4893 ἀγαθαρχίιιν,
1455 4809 1493 4873 Et
1512 4809 1653 4892 θεόνητα,
1675 4812 1755 4892 φησί,
1777 4808 1825 4875 καί
1846 4808 2017 4894 ἀγαθότητα

1231 4937 1344 5018 νοήσαις
1363 4935 1432 5002 αῦτό
1451 4934 1483 5001 τό
1501 4940 1594 5019 χρῆμα
1608 4941 1657 5000 τοῦ
1671 4936 1851 5019 άγαθοποιοῦ
1866 4936 1955 5021 δῶρον
1968 4934 2017 5002 καλ

1230 5063 1263 5128 τό
1279 5063 1413 5146 ἀμ’μητον
1425 5063 1532 5145 μίμημα
1546 5066 1595 5129 τοῦ
1608 5061 1748 5145 ῦπερθεόν
1762 5061 1809 5129 καί
1823 5063 2015 5149 όπεραγάθον,

1230 5190 1299 5255 καθ’
1324 5189 1340 5255 ὃ
1361 5189 1510 5273 θεοῦμεθα
1537 5186 1585 5254 καλ
1608 5190 1824 5274 ἀγαθννόμεθα.
1849 5188 1896 5255 καλ
1917 5188 1971 5275 γάρ
1992 5191 2018 5256 εί

1699 5315 1713 5359 ’λ
