4756 6194
1883 425 1924 491 19

270 612 305 674 in
324 633 420 676 usum
438 610 694 698 peregrinaturis
716 631 802 675 saec.
819 608 909 675 VIII.
931 610 1067 697 scripto,
1088 610 1181 674 ouius
1190 611 1262 697 jam
1282 632 1382 698 supra
1395 632 1470 697 pag.
1489 610 1537 674 13.
1554 609 1615 675 sub
1630 610 1721 676 XVI.
1736 613 1857 677 mentio
1873 622 1924 678 est

272 737 366 803 facta.
411 736 592 803 Videbatur
607 736 796 802 Fleischero
819 760 906 821 „non
925 737 1087 802 recentior
1106 737 1147 801 X.
1171 736 1301 803 saeculo
1325 735 1440 803 haberi
1457 736 1591 823 posse.“
1633 735 1733 818 Quod
1751 737 1806 803 ille
1825 762 1922 826 quam

271 873 359 929 recte
375 864 522 948 vidisset,
536 885 642 950 nuper
655 862 829 951 probatum
844 874 903 929 est.
929 863 1090 929 Convenit
1103 865 1188 930 enim
1202 865 1266 929 ista
1279 866 1441 952 scriptura
1454 887 1528 930 cum
1539 865 1722 952 fragmento
1734 868 1921 953 nuperrime

271 1014 292 1056 a
306 1013 357 1056 me
373 1014 415 1057 ex
430 992 553 1057 oriente
568 990 666 1057 allato
681 990 747 1076 illo,
763 991 851 1079 quod
866 1014 986 1056 annum
998 989 1145 1056 Arabum
1159 992 1230 1056 272.
1245 991 1266 1055 i.
1280 1014 1307 1057 ο.
1326 990 1403 1056 Chr.
1415 990 1592 1058 885-886.
1608 991 1809 1081 adscriptum
1824 993 1923 1061 habet

273 1114 362 1203 (vide
383 1141 483 1206 supra
497 1142 571 1207 pag.
589 1120 637 1184 14.
658 1117 719 1183 sub
735 1119 790 1202 2.),
806 1129 977 1205 tantopere
993 1130 1028 1183 ut
1047 1128 1181 1205 uterque
1200 1118 1306 1183 codex
1324 1117 1366 1184 ab
1386 1119 1502 1184 eodem
1517 1121 1658 1206 scriptus
1674 1143 1747 1187 esse
1761 1120 1920 1187 videatur.

273 1245 365 1326 Quae
382 1247 569 1333 conjectura
583 1247 696 1311 nescio
712 1269 754 1311 an
768 1245 845 1311 inde
861 1245 1069 1311 confirmetur
1084 1246 1171 1332 quod
1186 1245 1241 1311 fol.
1257 1245 1362 1311 XVII.
1378 1255 1468 1313 recto
1483 1247 1595 1313 David
1610 1246 1741 1335 quidam
1755 1262 1921 1314 auctorem

272 1373 395 1438 codicis
411 1396 446 1439 se
462 1374 646 1461 profitetur,
666 1373 799 1440 alterius
819 1395 897 1439 vero
919 1373 1061 1460 scriptor
1074 1372 1174 1438 Daod
1188 1371 1245 1436 bin
1261 1373 1340 1439 Sina
1352 1374 1544 1463 plerumque
1560 1396 1595 1439 se
1610 1375 1722 1440 vocari
1737 1373 1824 1440 dicit.
1868 1375 1921 1441 De

271 1523 307 1565 re
322 1503 536 1585 grammatica
550 1500 645 1567 huius
661 1512 771 1567 textus
787 1500 880 1588 plura
896 1502 1048 1589 exposuit
1058 1499 1267 1566 Fleischerus
1282 1500 1303 1565 l.
1319 1500 1340 1564 l.
1355 1525 1388 1589 p.
1400 1500 1461 1566 155
1474 1524 1554 1588 sqq,
1569 1504 1694 1567 notavit
1708 1502 1806 1567 etiam
1819 1523 1920 1567 voces

270 1627 381 1714 plures
397 1629 542 1694 nondum
557 1639 651 1694 notas
667 1629 710 1694 ad
724 1627 899 1694 Arameica
914 1637 947 1694 et
961 1625 1091 1694 Graeca
1105 1628 1335 1694 conformatas.
1379 1628 1495 1694 Insunt
1509 1638 1617 1694 autem
1631 1629 1718 1693 vitae
1733 1639 1920 1694 sanctorum

273 1766 434 1842 quattuor,
451 1754 483 1820 S.
493 1755 662 1844 Euthymii
677 1752 733 1841 (ab
748 1757 841 1821 initio
856 1751 994 1843 mutila),
1011 1754 1170 1839 S.Sabae,
1186 1754 1386 1839 S.Abramii,
1402 1754 1435 1821 S.
1445 1755 1626 1821 Theodosii
1641 1756 1769 1842 (mutila
1781 1758 1814 1821 in
1829 1754 1919 1841 fine),

273 1885 422 1970 scriptae,
446 1893 535 1948 certe
557 1882 641 1949 duae
663 1884 799 1971 priores,
825 1891 862 1949 ut
881 1880 995 1948 ultimo
1018 1883 1125 1969 capite
1143 1883 1230 1947 vitae
1248 1882 1417 1971 Euthymii
1435 1883 1584 1968 traditur,
1606 1906 1626 1949 a
1646 1881 1768 1972 (lyrillo
1784 1883 1919 1971 Scytho-

271 2008 415 2098 politano
435 2008 596 2074 monacho
619 2007 746 2075 Graeco
767 2007 889 2076 saeculi
908 2008 965 2074 VI.
1008 2008 1085 2076 Duo
1107 2011 1235 2097 priores
1255 2010 1365 2094 libelli,
1389 2032 1584 2099 quamquam
1602 2009 1697 2098 plura
1716 2010 1878 2094 differunt,
1901 2034 1921 2077 a

274 2136 435 2203 Cotelerio
460 2135 587 2202 Graece
612 2136 690 2203 editi
713 2146 788 2203 sunt
809 2136 844 2200 in
864 2135 992 2202 Eccles.
1016 2134 1134 2203 Graec.
1156 2137 1301 2203 Menum.
1329 2137 1393 2203 vol.
1417 2138 1462 2203 II.
1488 2162 1521 2225 p.
1537 2137 1600 2204 200
1620 2159 1689 2224 sqq.
1719 2147 1752 2204 et
1776 2138 1841 2204 vol.
1862 2137 1918 2203 IV.

271 2266 337 2353 sl
362 2287 432 2352 sur·

400 2390 721 2457 eod.Tiseh.111.
772 2390 868 2457 Folia
895 2390 1145 2457 membranacea
1167 2401 1320 2478 quattuor
1342 2391 1570 2480 palimpsesta,
1598 2403 1735 2479 utraque
1759 2395 1921 2479 scriptura

273 2518 409 2601 Graeca,
424 2521 536 2606 priore
551 2517 672 2584 unciali
686 2520 764 2584 noni
779 2520 849 2585 fere
864 2518 995 2602 saeculi,
1017 2519 1161 2585 secunda
1176 2518 1359 2585 minuscula
1373 2519 1557 2587 duodecimi
1572 2519 1703 2587 saeculi.
1746 2518 1922 2607 Antiquior

271 2649 448 2735 scriptura,
476 2670 574 2735 quam
601 2646 726 2712 obtexit
750 2656 858 2712 textus
885 2645 1055 2733 liturgicus
1083 2645 1126 2713 ad
1154 2646 1323 2712 colendum
1349 2648 1539 2713 memoriam
1566 2656 1745 2735 martyrum
1769 2649 1920 2734 scriptus,

270 2775 452 2861 argumenti
471 2784 522 2840 est
539 2774 709 2861 petristici.
759 2775 925 2856 Quorsum
939 2775 1113 2863 pertineat,
1130 2775 1172 2840 ad
1191 2773 1273 2840 haec
1289 2774 1490 2861 singulorum
1505 2773 1657 2841 foliorum
1673 2774 1823 2863 exempla
1837 2774 1919 2841 iudi·

271 2904 338 2968 curi
352 2903 482 2989 poterit.
525 2900 690 2967 Aooentus
708 2911 740 2966 et
755 2902 888 2987 spiritus
904 2924 970 2968 non
985 2901 1112 2986 desunt,
1130 2903 1188 2968 sed
1201 2924 1277 2968 raro
1293 2903 1382 2967 cerni
1396 2912 1545 2988 possunt.

1395 3070 1467 3136 Fol.
1484 3072 1513 3136 2.
1530 3082 1620 3136 recto

1149 3229 1207 3243 ····
1225 3218 1282 3257 τωο
1296 3219 1325 3257 εν
1339 3219 1433 3257 reuma
1447 3183 1653 3274 σιοαθροισθῖ

556 3070 627 3136 Fol.
645 3071 672 3134 1.
688 3080 779 3135 recto

312 3217 492 3274 ...προσηκει
505 3218 560 3274 προ
575 3216 690 3255 παντων
705 3217 751 3256 osu
766 3217 839 3257 εστιν
852 3218 870 3273 η
885 3216 934 3256 του
948 3202 986 3256 θε

311 3335 501 3392 ραποοομενου
515 3316 652 3383 moere-
1148 3337 1205 3376 των
1219 3336 1383 3394 spanum
1397 3318 1465 3376 οεκα
1479 3337 1553 3375 omo
1568 3337 1653 3393 αγιων
1664 3302 1759 3394 ᾗ.

312 3573 438 3613 ...κατα
453 3575 503 3631 erp
517 3552 628 3632 moire
641 3574 691 3631 την
705 3552 870 3614 moveas
883 3574 910 3614 τι
1704 3574 1768 3614 euro

310 3693 367 3748 par
381 3692 447 3740 τους
461 3692 566 3751 yorooec·
583 3693 629 3732 rra
643 3693 673 3732 cv
687 3693 732 3732 σοι
745 3693 854 3751 γενηται
867 3694 915 3731 και
929 3694 977 3753 {op
1059 3747 1063 3755 ἱ
1149 3689 1250 3734 nuncu:
1274 3695 1321 3732 και
1335 3693 1436 3751 πεῖρον
1450 3694 1500 3733 του
1513 3693 1563 3750 της
1577 3695 1663 3753 cmc
1677 3692 1892 3752 αρχοπισκοπου

310 3811 509 3870 pmpozporwg
522 3811 567 3851 tm
580 3813 629 3869 της
643 3812 699 3870 γης.
715 3791 796 3870 οηλον
810 3792 878 3851 diora
893 3813 932 3859 ως

312 3909 448 3989 wlff-⁰7
462 3930 598 3989 ιερατίκον
611 3907 675 3988 deb]
689 3930 722 3969 το
735 3931 849 3990 γραμμα
863 3932 911 3969 και

310 4051 360 4089 ουκ
374 4049 548 4107 asperae..
559 4073 566 4086 .
577 4049 618 4089 uu
632 4050 685 4087 καν
698 4049 857 4106 pauperum

310 4168 359 4224 'rt
373 4167 424 4225 ‘uc
437 4147 629 4227 immodicae
642 4163 673 4224 οἱ

554 4258 625 4324 Fol.
644 4262 671 4323 1.
687 4282 785 4325 verso

312 4370 388 4448 ..ab
398 4372 434 4464 χο
447 4405 545 4446 nacor
558 4384 758 4466 περιλαβοοσης
771 4405 822 4463 την
835 4407 892 4464 yps·
910 4408 956 4444 και

310 4523 360 4564 του
375 4501 519 4583 ζωηφοροο

555 4651 724 4664 ——-

311 4762 406 4801 ...και
418 4742 546 4818 daurom
558 4741 775 4820 pvyudcvmoea·
793 4763 842 4801 και
854 4762 915 4818 ιορα

310 4880 365 4918 των
380 4844 459 4920 οὗ
470 4858 679 4938 αθροιζομονωο
693 4881 850 4941 eumpse.
864 4879 901 4919 ur
913 4859 994 4937 εκκλη

309 4998 382 5045 omre
395 4997 532 5055 wormac
546 4976 703 5057 αγιαζοται·
723 5000 771 5040 και
782 4999 833 5056 της
845 4998 950 5056 τρυφης
964 5000 980 5037 ο

309 5097 480 5174 παραδεισος
492 5117 551 5167 τοις
564 5118 652 5158 nuum
666 5117 815 5159 αοοωκται·
835 5118 883 5159 και
896 5117 929 5158 το
943 5097 1021 5165 coloe

311 5235 404 5294 ycyors
417 5236 454 5275 τοι
468 5236 566 5277 nunu
578 5237 670 5277 καινοο

1149 3813 1197 3851 και
1209 3808 1362 3871 perpauper:
1385 3813 1527 3871 γρηγοριοο
1541 3812 1684 3871 γενομενου
1698 3812 1849 3853 cumanos

1148 3930 1358 3989 νεοκοισοιρειας
1371 3931 1421 3970 του
1435 3915 1666 3992 doevparoopyov:

1391 4021 1462 4087 Fol.
1477 4023 1507 4086 2.
1523 4045 1620 4087 verso

1148 4149 1199 4226 ηοη
1213 4152 1365 4208 marture
1379 4170 1451 4224 opor.
1466 4169 1521 4207 οπο
1535 4168 1592 4207 των
1606 4134 1786 4227 repoliri-codd

1148 4288 1205 4325 TW

1148 4523 1201 4571 τος
1215 4522 1271 4561 των
1286 4524 1371 4582 oeywrv
1386 4503 1552 4564 anomalam
1566 4504 1613 4562 δια
1626 4501 1772 4580 οὐομοιος

1147 4617 1300 4693 ὄιοτοιξεις·
1321 4644 1366 4689 αις
1379 4642 1433 4682 τισι
1446 4621 1536 4682 nul-m
1549 4641 1605 4681 οπο
1619 4620 1728 4715 crepulo

1147 4737 1204 4812 ξων
1217 4760 1263 4799 sut
1276 4739 1344 4818 λομη
1359 4761 1408 4818 της
1421 4740 1565 4819 audoueus·
1577 4743 1656 4800 νοθα
1670 4759 1733 4798 τινα
1747 4759 1795 4799 και
1808 4737 1840 4812 ξε

1146 4881 1182 4918 ru
1196 4878 1246 4937 της
1259 4858 1397 4938 mordetur
1410 4862 1643 4936 πορενεοιθησαν.
1657 4877 1691 4917 το
1705 4877 1839 4936 conponor

1146 4977 1248 5046 καλλος
1261 4997 1318 5036 των
1331 4981 1420 5038 uuor
1434 4977 1579 5056 ὀογματωο

1390 5088 1462 5153 Fol.
1479 5088 1509 5151 3.
1525 5097 1615 5153 recto

1144 5235 1361 5293 commotores
1375 5236 1423 5276 και
1437 5234 1645 5294 ασογγιοστον·
1664 5233 1687 5272 ει
1700 5233 1818 5293 μενγοιρ

1574 5328 1609 5378 ³·
