4756 6194
375 404 413 467 72

370 607 551 692 praemissa
566 601 702 688 singulis
716 601 861 688 epistulis
875 603 1145 667 commentatione
1157 603 1324 687 isagogica
1336 600 1499 688 (superest
1514 601 1556 667 ad
1569 600 1739 687 epistulam
1752 600 1878 667 Galatis
1891 603 2013 684 datam)
2044 681 2050 694 Ι

369 733 460 798 locos
476 729 672 795 difficiliores
689 731 865 814 exegeticis
881 730 967 793 notis
983 728 1166 813 illustraret,
1185 730 1340 794 immixtis
1355 729 1461 812 nullis,
1477 729 1511 793 id
1527 729 1613 815 quod
1628 730 1661 793 in
1676 726 1785 793 Arabe
1802 731 1881 794 satis
1893 753 2012 796 memo-

370 858 472 924 rabile
496 868 558 939 est,
588 858 746 921 asceticis.
790 855 901 920 Primo
925 858 1106 942 fragmento
1127 855 1330 943 explicantur
1349 856 1443 921 haec:
1467 858 1494 939 1,
1510 858 1539 919 4.
1560 858 1590 934 ἐξ
1605 858 1788 931 ἀναστάσεως
1801 863 1904 941 νεκρῶν
1920 854 2013 941 (dicit

369 990 529 1072 interpres
544 982 710 1048 Christum
725 984 865 1069 primum
881 985 926 1047 ita
940 983 1065 1048 redisse
1081 985 1113 1047 in
1130 985 1229 1048 vitam
1244 993 1360 1048 utnon
1375 983 1512 1070 amplius
1528 993 1722 1066 moreretur3
1739 983 1832 1049 aliter
1846 984 1880 1048 id
1892 985 2013 1049 factum

368 1137 440 1178 esse
455 1115 488 1176 in
504 1115 543 1175 iis
561 1134 642 1198 quos
657 1111 835 1198 prophetae
850 1111 974 1196 primae
990 1109 1071 1194 legis
1089 1120 1120 1174 et
1137 1109 1277 1197 apostoli
1290 1111 1412 1175 domini
1424 1113 1458 1174 in
1469 1113 1568 1175 vitam
1580 1108 1828 1198 restituissent),
1846 1114 1873 1193 1,
1885 1113 1913 1176 7.
1929 1117 2015 1178 πᾶσιν

370 1253 428 1314 τοῖς
439 1236 513 1306 οὖσιν
526 1240 647 1322 ε’νῬάμρ
658 1234 753 1322 (haec
764 1237 990 1323 coniungenda
999 1260 1072 1302 esse
1081 1261 1153 1302 cum
1162 1244 1279 1311 Παῦλος
1287 1235 1378 1322 etc.);
1394 1241 1420 1319 l,
1434 1239 1481 1301 11.
1492 1238 1538 1303 ἵνα
1548 1265 1574 1303 τι
1583 1244 1695 1321 μεταδῶ
1704 1239 1828 1324 χάρισμα
1836 1248 1896 1303 etc.
1910 1236 2012 1325 (post-

370 1391 466 1454 quam
487 1390 598 1430 corum
620 1365 717 1430 fidem
738 1363 918 1446 laudasset,
944 1363 1066 1428 dixisse
1082 1363 1218 1428 Paulum
1234 1366 1473 1451 impertiturum
1490 1388 1524 1430 se
1540 1366 1646 1451 ipsum
1662 1367 1702 1428 iis
1719 1387 1791 1430 esse
1807 1364 1928 1431 donum
1943 1367 2012 1432 eius

370 1497 421 1559 cui
437 1494 533 1559 fidem
551 1492 741 1557 habuissent
757 1488 1007 1576 cognoscendi);
1034 1492 1065 1572 1,
1084 1493 1132 1556 13.
1156 1491 1201 1556 ἵνα
1215 1493 1277 1558 τινὰ
1292 1493 1400 1576 καρτὸν
1416 1497 1477 1575 σχῶ
1497 1503 1557 1556 etc.
1583 1488 1735 1577 (Paulum
1755 1490 1806 1556 his
1826 1492 2012 1580 respexisse

369 1622 411 1687 ad
425 1621 522 1686 fidem
540 1643 603 1706 qua
617 1619 754 1683 Romani
770 1619 834 1683 iam
850 1643 869 1682 a
883 1619 981 1683 Petro
1002 1618 1117 1682 imbuti
1136 1616 1306 1700 fuissent);
1333 1621 1360 1700 1,
1380 1619 1426 1681 14.
1442 1620 1595 1704 βαρβάροις
1611 1617 1664 1702 (eo
1684 1620 1816 1685 nomine
1835 1618 2013 1704 significari

370 1762 494 1813 ceteras
510 1758 624 1832 gentes
640 1756 769 1832 praeter
779 1747 800 1810 J
802 1745 924 1810 udaeos
941 1756 972 1810 et
985 1744 1153 1825 Graecos).
1184 1746 1257 1809 Hoc
1272 1744 1344 1810 loco
1362 1755 1459 1832 caput
1472 1746 1515 1810 II.
1531 1753 1675 1829 notatur3
1690 1747 1838 1833 pergitur
1853 1755 1961 1811 autem
1971 1745 2013 1812 ad

371 1878 401 1956 1,
418 1875 467 1938 24.
484 1877 642 1958 παρέδωκεν
657 1875 758 1947 aiacis
772 1873 788 1938 ὁ
803 1874 873 1946 θεὸς
888 1883 947 1937 etc.
969 1871 1161 1959 quibuscum
1185 1873 1424 1958 coniunguntur
1444 1895 1525 1959 quae
1545 1874 1578 1954 l,
1600 1872 1649 1936 26.
1670 1873 1704 1936 in
1723 1870 1863 1938 eundem
1881 1895 2013 1939 sensum

370 2004 491 2087 scripta
507 2011 590 2065 sunt.
616 1999 777 2086 Sequitur,
794 2009 904 2064 notato
922 2001 1027 2085 capite
1042 1998 1097 2083 IV,
1106 2000 1135 2081 2,
1148 2000 1196 2063 lo.
1213 2002 1241 2064 ἐν
1256 2000 1341 2084 ἡμέρᾳ
1356 1998 1402 2066 ὅτε
1415 2013 1501 2085 κρινεῖ
1508 2010 1569 2064 etc.
1580 2000 1609 2082 2,
1618 2000 1668 2064 29.
1678 2001 1809 2085 περιτομὴ
1822 2003 1941 2085 καρδίας
1950 2010 2011 2066 etc.

370 2127 515 2214 (additur
530 2151 599 2214 cap.
609 2129 648 2190 V.
665 2128 724 2192 sed
739 2137 920 2191 correctum
933 2136 982 2191 est
997 2127 1059 2209 1V;
1081 2125 1228 2190 similiter
1243 2128 1341 2211 igitur
1352 2139 1448 2191 antea
1460 2151 1500 2192 ex
1511 2127 1566 2191 IV.
1577 2127 1771 2193 videturlII.
1785 2126 2012 2211 corrigendum

368 2259 492 2336 fuisse.)
516 2255 548 2338 3,
568 2256 593 2317 1.
611 2258 653 2329 τίς
667 2255 683 2338 ἡ
698 2256 818 2338 ὠφέλεια
833 2263 893 2318 ete.
925 2254 965 2318 ln
980 2253 1122 2318 secundo
1139 2252 1217 2319 folio
1233 2255 1379 2339 pergitur
1395 2254 1437 2317 ad
1451 2255 1486 2337 3,
1502 2255 1532 2318 2.
1547 2255 1618 2320 πολὺ
1632 2255 1708 2320 κατὰ
1722 2256 1818 2320 πάντα
1832 2256 1935 2338 τρόπον
1951 2264 2011 2318 etc.

369 2386 398 2466 3,
408 2385 428 2447 3
438 2407 484 2469 sq.
496 2378 662 2467 (naeistud
670 2404 734 2445 non
746 2379 864 2466 ubique
874 2404 893 2445 a
902 2378 1113 2466 scriptoribus
1123 2382 1226 2445 sacris
1236 2380 1276 2446 de
1285 2380 1484 2467 plenitudine
1494 2392 1590 2467 atque
1599 2383 1808 2446 universitate
1819 2381 1893 2463 dici,
1903 2403 2012 2467 quem·

372 2509 547 2576 admodum
558 2508 613 2573 illa
623 2509 710 2595 apud
722 2508 931 2595 prophetam:
949 2505 1242 2573 Circumdederunt
1253 2530 1304 2573 me
1321 2529 1432 2572 omnes
1448 2519 1561 2592 gentes
1579 2518 1609 2572 et
1624 2509 1657 2571 in
1673 2507 2012 2592 nominedeidispersi

369 2661 440 2718 eos,
456 2660 522 2701 non
538 2636 578 2700 de
595 2636 744 2700 omnibus
761 2634 912 2719 gentibus
928 2634 1118 2721 accipienda
1137 2656 1209 2699 esse
1231 2633 1387 2720 constet);
1411 2636 1446 2717 3,
1467 2634 1517 2699 27.
1536 2641 1591 2702 τοῦ
1609 2631 1656 2703 eir
1675 2636 1692 2720 η’
1712 2636 1842 2720 καάχησις
1862 2645 1922 2699 etc.
1947 2632 2012 2719 (his

367 2764 475 2829 verbis
490 2763 691 2828 ludaeorum
712 2763 927 2827 obiectionem
946 2763 1114 2849 ipsiusque
1128 2784 1319 2848 responsum
1337 2763 1507 2844 contineri,
1531 2765 1604 2841 etc.)
1634 2763 1753 2850 Incipit
1770 2762 1821 2826 his
1841 2761 1942 2826 altera
1963 2784 2011 2826 se-

369 2891 465 2955 cundi
485 2889 554 2954 solii
578 2891 706 2975 pagina.
747 2888 984 2954 Commentatio
1008 2911 1086 2953 vero
1109 2890 1278 2973 isagogica
1298 2892 1332 2953 in
1351 2888 1447 2953 Pauli
1471 2889 1512 2953 ad
1533 2888 1665 2954 Galatas
1686 2888 1857 2975 epistulam
1878 2891 1924 2953 ita
1943 2888 2011 2952 fere

368 3018 479 3082 habet:
504 3016 664 3081 Numerus
681 3017 823 3102 capitum
838 3015 934 3080 huius
949 3014 1107 3103 epistulae
1124 3012 1258 3102 Coptica
1276 3027 1326 3079 cst
1342 3065 1446 3077 .....
1465 3019 1548 3102 (ipse
1563 3039 1716 3081 numerus
1732 3016 1964 3098 desideratur),
1980 3025 2013 3080 et

368 3167 521 3209 numerus
537 3144 667 3227 ῥημάτων
682 3143 752 3208 293.
777 3141 915 3228 Scripsit
929 3165 1000 3207 eam
1015 3142 1137 3207 Romae
1152 3142 1292 3229 indeque
1308 3166 1367 3228 per
1379 3143 1487 3208 Titum
1500 3143 1695 3231 discipulum
1708 3166 1801 3208 suum
1817 3143 1860 3206 ad
1877 3141 2010 3208 Galatas

368 3273 464 3335 misit.
497 3269 624 3335 Caussa
639 3268 803 3334 scribendi
818 3269 899 3334 haec
915 3278 992 3333 erat.
1022 3270 1099 3355 Ipse
1114 3291 1171 3332 eos
1186 3270 1228 3334 ad
1243 3270 1340 3335 fidem
1355 3270 1553 3356 perduxerat
1567 3271 1681 3336 iubens
1695 3293 1751 3335 eos
1765 3269 1916 3334 mandata
1930 3268 2012 3335 Jesu

366 3397 488 3462 Christi
505 3420 646 3479 servare,
663 3397 771 3461 missis
786 3396 881 3461 factis
898 3419 981 3483 quae
996 3395 1068 3482 lege
1085 3395 1272 3461 Christiana
1287 3397 1408 3461 abolita
1423 3409 1545 3480 essent,
1563 3407 1598 3461 ut
1614 3396 1741 3462 sabbati
1756 3397 1927 3482 religione,
1951 3398 2010 3461 cir·

367 3527 563 3590 cumcisione
580 3534 639 3589 ete.
669 3525 744 3589 Jam
759 3547 837 3588 vero
854 3548 894 3588 ex
908 3523 1221 3589 Judaeochristianis
1237 3524 1427 3611 prodierant
1441 3526 1565 3610 primae
1580 3524 1662 3610 legis
1677 3524 1838 3605 vindices,
1858 3525 1898 3586 iis
1919 3525 1974 3609 qui
1992 3547 2009 3587 e

366 3651 517 3737 gentibus
533 3652 630 3716 fidem
651 3650 792 3737 amplexi
812 3660 903 3715 erant
922 3649 1075 3715 mandata
1088 3650 1303 3716 Pentateuchi
1324 3651 1530 3716 observanda
1548 3653 1795 3739 praecipientes.
1827 3650 1892 3731 Qui
1913 3671 2010 3735 quum

366 3779 408 3844 ad
418 3779 551 3845 Galatas
569 3780 743 3861 venissent,
759 3776 911 3842 dePaulo
928 3777 1144 3860 detraxerant,
1162 3788 1193 3842 et
1208 3788 1244 3842 ut
1258 3778 1354 3843 fidem
1371 3779 1412 3842 ab
1428 3801 1467 3842 eo
1483 3788 1650 3865 acceptam
1666 3778 1866 3864 deponerent
1878 3798 2010 3864 operam

366 3907 535 3988 dederant,
559 3905 703 3970 dicentes
718 3904 855 3970 Paulum
871 3927 935 3968 non
954 3905 1062 3991 ipsum
1076 3903 1232 3969 Messiam
1251 3905 1372 3970 vidisse
1393 3928 1452 3970 nec
1472 3928 1513 3970 ex
1532 3928 1666 3971 numero
1687 3904 1919 3991 discipulorum
1940 3906 2009 3968 eius

365 4034 466 4098 fuisse
489 4054 626 4117 eumque
647 4033 728 4118 ipsis
753 4033 863 4095 invitis
886 4056 905 4097 a
929 4032 1190 4097 circumcidendo
1213 4031 1387 4119 prohibere
1407 4042 1503 4119 atque
1524 4056 1614 4097 esum
1638 4035 1784 4097 earnium
1807 4033 2010 4095 victimarum

365 4159 553 4225 concedere.
591 4158 653 4222 His
670 4157 893 4244 similibusque
910 4158 1113 4224 sermonibus
1129 4157 1246 4224 multos
1262 4159 1308 4224 illi
1323 4159 1365 4225 ad
1385 4182 1420 4225 se
1439 4160 1665 4242 traduxerant,
1688 4169 1926 4246 proptereaque
1945 4158 2010 4222 iam

363 4287 484 4352 Paulus
507 4284 591 4350 hanc
615 4287 746 4373 scripsit
769 4285 955 4371 epistulam,
979 4308 1043 4372 qua
1065 4296 1124 4350 etc.
1159 4286 1196 4351 In
1219 4287 1259 4351 iis
1283 4308 1365 4372 quae
1389 4297 1566 4374 sequuntur
1590 4295 1825 4351 commentator
1843 4287 1927 4349 inter
1947 4283 2010 4349 alia

365 4437 496 4500 operam
512 4414 568 4478 dat
586 4424 622 4478 ut
636 4414 850 4496 demonstret,
866 4414 1004 4480 Paulum
1019 4416 1052 4478 in
1067 4413 1224 4500 apostolis
1241 4436 1322 4500 quos
1337 4416 1402 4488 τοὺς
1416 4421 1567 4489 δοκοῦντας
1580 4415 1654 4480 εἷναί
1662 4442 1689 4481 τι
1703 4412 1791 4479 dicat
1807 4412 1885 4478 nihil
1900 4434 2008 4499 repre·

364 4540 520 4605 hendere:
538 4540 571 4604 id
587 4542 672 4606 enim
687 4539 809 4605 clarum
824 4542 895 4605 fieri
910 4541 1019 4607 verbis
1036 4541 1170 4606 additis:
1189 4541 1302 4626 μήπως
1315 4543 1355 4616 εἰς
1368 4541 1447 4608 κενὸν
1460 4539 1575 4626 τράχωῆ
1590 4543 1716 4626 ἔδραμον.
1752 4540 1823 4605 Nec
1837 4541 1942 4625 magis
1958 4560 2007 4603 re-

363 4667 613 4754 prehensionem
627 4667 821 4733 Antiochiae
836 4667 935 4734 Petro
952 4693 971 4733 a
986 4668 1088 4733 Paulo
1104 4668 1259 4733 inflictam
1276 4669 1433 4754 agnoseit

465 4793 556 4859 Cod.
578 4794 706 4859 Tiseh.
726 4795 915 4861 XXXVHI.
945 4794 1159 4882 bombycinus
1176 4794 1328 4860 foliorum
1343 4794 1362 4859 8
1378 4795 1502 4860 formae
1517 4795 1664 4877 maioris,
1686 4792 1831 4859 eiusdem
1846 4816 1920 4859 cum
1935 4791 2007 4856 eod.

360 4922 532 4986 XXXVII.
550 4924 674 4988 aetatis.
699 4922 782 4989 Sunt
795 4924 978 5009 fragmenta
992 4925 1152 4989 versionis
1168 4921 1379 5010 epistularum
1394 4921 1488 4987 Pauli
1503 4945 1521 4987 e
1539 4921 1645 5010 Copto
1661 4923 1766 4987 factae
1783 4919 1912 4986 aliunde
1927 4941 2007 4984 non·

363 5049 440 5113 dum
453 5052 611 5133 cognitae.
639 5049 782 5115 Arabica
797 5074 895 5138 saepe
911 5053 1132 5138 suprascripta
1147 5047 1267 5114 habent
1280 5047 1399 5136 Copta,
1413 5052 1536 5137 passim
1549 5050 1646 5115 etiam
1656 5047 1713 5114 ubi
1728 5049 1859 5113 nomina
1872 5048 2008 5135 propria

363 5177 514 5260 leguntur
531 5175 672 5261 Graeca,
696 5199 778 5264 quae
794 5179 912 5264 etipsa
928 5202 945 5243 e
960 5177 1043 5243 libro
1061 5176 1181 5263 Copto,
1198 5177 1241 5242 ad
1256 5199 1351 5263 quem
1366 5177 1589 5265 interpretatio
1604 5178 1751 5243 instituta
1767 5187 1825 5259 est,
1842 5175 2008 5261 exscripta
